1000 1564
235 141 15 23 72

395 138 396 24 IN I. EPIST. D. PAVLI

228 145 699 39 fuiſſet mulieribus Chriſtianorum in cœtu loqui aut diſputare. Minimẽ ita decet mu¬

229 178 699 29 lierem aliquid curiosè aut faſtuosè inquirere, cum deceat ipſam in omnibus humilita¬

230 194 698 37 tem præ ſe ferre. Ideo addidit Apoſtolus, diſcat, cum omni ſubiectione: Nequaquam ſe

232 220 696 31 geret vt ſubiectã, quæ in publico conuentu cupit videri vel audiri loquens vel diſpu¬

232 242 696 27 tans. lam ſi ne interrogare quidẽ licet mulieri aliquid in cœtu, iuxta Apoſtoli præſcri¬

231 262 698 31 ptum, ſed potius domi debet diſcere ex marito:at multò minus permittendum eſt, vt

232 286 288 30 in eccleſia doceat: Vnde ſequitur,

255 298 673 36 Cæterùm mulieri docere non permitto, neg autoritatem vſurpare in viros, ſed eſſe in ſilẽtio.)

234 321 695 36 Vnum inconueniens ex altero ſequeretur. Si mulier permittatur docere. & pręſcribe¬

232 346 698 33 re etiam viris credendi & viuendi normam: lam planè ſequitur, quòd mulier arrogan¬

233 369 697 29 ter vſurpabit autoritatem in viros: quod valde eſt abſurdum & prorſus contra naſturæ

233 391 699 31 ordinem. Nam mulieri dictum eſt à Deo Geneſ.3. Sub viri poreſtate eris, & ipſe domi¬

233 413 699 28 nabitur tibi. Quod præceptum cùm de obedientia mulieris etiam in priuatis rebus ſit

233 435 698 28 intelligendum: nequaquã ferendum erit, vt illa aliquid pro ſuo arbitrio conſtituat in

235 452 695 36 rebus publicis ſiue in cœtu eccleſiaſtico. Si non poteſt ſuo nutu aliquid agere domi in

233 477 698 29 cauſis priuatis, multõ minus id licebit ei in eccleſia in negocijs religionis. Eſt aũt tur¬

233 499 700 31 piſsimum ſi qui viri tam degenerant, qui ſibi permittant vxores licenter imperare, &

233 519 699 29 videntur in naturam ac Dei ordinationem peccare. Eccleſ.25. Mulier ſi primatum ha¬

233 541 698 29 beat, contrario eſt viro ſuo. Tametſi non abutentur viri ſua hac poteſtate ſibi diuini¬

233 563 696 28 tus conceſſa. Aliquid etiam concedent mulieri intra parietes. Nam & docere domi,

233 583 696 31 mulieri non eſt negatum, ſiquidem Priſcilla Actor.18. vnà cum marito Aquila, docuit

230 609 700 27 quædam Apollon Alexandrinum. Et alibi fidelis mulier iubetur virum infidelẽ com¬

233 625 697 34 monefacere, & ſi poſsit, Chriſto lucrifacere. Et exigitur ab omnibus matrib. familiâs,

233 648 698 28 vt prima elementa ſeu Catechiſmum doceant ſuos liberos. Imò aliquando permittit̃

233 669 700 31 in aliqua cauſa mulieri etiam publicẽ adferre ſanum, ſi quod habeat, conſilium, tametſi

233 694 698 29 non temerè. ludic.5. Debora erudiuit populum lſrael. Non autem quõd publicè doce¬

233 711 700 34 ret, ſed dedit quibuſdam in rebus conſilium, quoniam afflata erat Spiritu ſancto, qui

238 732 692 35 interdum & per ſexum fragilem dignatur res magnas efficere, & occulta vel admiran¬

235 753 697 35 da indicare. Vnde & Ioel.2. legitur: Et prophetabunt filij veſtri & ſiliæ veſtræ. Et Maria

237 774 695 37 virgo cecinit ſpiritu Sancto afflata canticum, Magnificat:Item Actor.21. Philippi qua¬

239 797 682 34 tuor filiæ uirgines prophetabant: Rurſus 1.Corinth.11. Mulier orans aut prophetãs iu¬

234 823 698 31 beturvelare caput. Sed tamen ex his non ſequitur, quòd publicé docere permittẽtur,

235 846 352 36 cur autem non ſit iſtud ferendum, ſequitur:

286 867 624 41 Adam enim prior formatus est, deinde Eua: & Adam non fuit deceptus ſed

260 901 335 40 mulier ſeducta fuit per præuaricationem,

242 933 692 30 Duo argumenta, cur mulieri non ſit permittendum, vt doceat uel uſurpet autoritatẽ

242 950 691 35 in uirum. Prius eſt ex ratione creationis. Aequum eſt, ei præeminentiam cõcedere in

241 970 692 37 docendo & imperando, qui primùm eſt à Deo cõditus. Sed Adam formatus eſt prior

242 991 692 39 Eua. lgitur debetur ei præeminentia & imperium. Intelligendũ autem eſt, idem obſer¬

242 1012 692 38 uari debere ius dignitatis in poſteris, quod contigit primis parentibus. Et per Adamũ

242 1034 692 38 conuenienter intelliguntur omnes uiri, per Euam omnes mulieres. Quòd autẽ prior

242 1055 692 38 conditus fuerit Adam, Geneſeos liber clarè docet. Alterum argumentũ eſt à ratione

243 1077 691 37 lapſus, negatiuè. Illi non eſt permittendum munus docendi, qui ruinæ cauſſa extiterit.

245 1100 689 36 Sed mulier extitit cauſſa ruinæ. Igitur ei non eſt permittendũ docendi munus. Signi¬

245 1123 691 34 ficanter dicit mulſerem ſeductam, non Euam, quia id malum in uniuerſum genus mu¬

239 1145 698 32 lierum debet redundare. Nequaquam autem tutum, ei crederé, quæ ſemel in præeun¬

240 1169 696 28 do ſic decepit. Nec eſt, quod ambiat docendi aut imperandi munus, quæ in ipſo exor¬

240 1192 697 26 dio, ad leuiſsimam perſuaſionem impegit & in errorem induxit. Quomodo autẽ mu¬

239 1212 698 31 lier prius aſſenſerit fallaci ſerpenti, & prius fuerit præuaricata guſtando fructum ueti¬

225 1232 712 29 » tum, uide Geneſ.3. Sic ibi legitur: Vidit mulier, quòd bonum eſſet lignum ad ueſcen¬

223 1254 714 29 » dum & pulchrum oculis aſpectu́ delectabile, & tulit de fructu illius & comedit: de¬

222 1275 715 48 „ dit́ uiro ſuo, qui comedit. Et poſt pauca, Adam dicit, Mulier qua dediſti mihi ſociã.

884 1297 54 37 dedit

153 325 76 24 Ab inconue

155 345 46 27 nienti.

166 441 60 55 A minori.

155 588 73 47 Ab exem¬

155 628 35 25 plo.

155 642 70 41 1.Corin.7.

189 925 43 60 1.Arg.

159 959 66 43 A raione

158 998 67 25 creationis

156 1010 74 33 ſiue ordine

158 1036 58 24 naturæ.

158 1054 68 28 Synecdo¬

160 1072 36 28 che.

157 1080 73 42 2.arg.à ra¬

159 1106 76 47 tone lapſus.
