1000 1564
199 127 419 22 AD TIMOTHEVM CAP. II.

746 142 14 0 73

78 135 684 35 dedit mihi de ligno, & comedi. Et mulier. Serpẽs decepit me, & comedi. En ibi ſe prio¬

78 165 684 27 rem & ſeductam mulier confitetur. Ratio ergo eſt euidens, cur mulieri non ſit permit

78 185 683 26 tenda facultas docendi. Nunc viderint qui committunt mulieribus gubernandas reſ¬

77 206 684 32 publicas & amplas ditiones: Sine dubio ira Dei eſt manifeſta, cũ mulieres alicubi ad¬

77 229 686 29 mitrant. Amazones quidẽ maudito exeipio tenuerut regnu, ieu tantũ inter mulie¬

78 251 684 27 res, in regno viris vacuo. Ne exemplũ id eſt probatũ, ne diuturnũ fuit earũ regnũ.

108 278 624 36 Salua tamen fiet per generationem liberorum, ſi manſerint in fide ac dilectione,

106 300 256 34 & ſanctificatione, cum caſtitate.

108 324 656 38 Emollit, ſi quid fortaſsè durius dixiſſe uideatur: & oſtendit aliud mulierum eſſe of¬

81 351 683 35 ficium, nempe quòd educare & docere debeant ſuos liberos & ſic ſi dicantur cauſſa

80 376 681 30 ruinę extitiſſe, ſaluæ eſſe queant etiã: quaſi dicat: Non ſit vobis moleſtum, ô mulieres,

80 399 683 29 ſi vobis cum ſitis fortaſsis ingenio pollentes, negatur tamen munus docendi. Poteſtis

83 417 675 36 alia ratione vos exercere in pietatis operibus ad ſalutem veſtram, & ſi ita vultis, etiam

80 439 676 29 docere. Educate & docete diligenter, tum rudimenta religionis, tum cætera quæ per¬

79 456 679 35 tinent ad morum honeſtatem, veſtros liberos, in his docendis operam impendite, &

79 480 679 33 hæc opera erit vobis ſalutaris, maxime ſivos ipſæ ſemper in fide & charitate perſtãtes

79 502 683 34 ſancté & caſtè vitam tranſigatis. Hæc conditio verè honorifica eſt, & ſatis habens in

79 525 685 31 ſe dignitatis, etiamſi publicè docendi in eccleſia ius vobis adimatur. Et rectè adiecit

79 550 684 28 iſta Apoſtolus, poſt inuſtam muliebri ſexui notam, de cauſſa ruinæ humani genenis.

81 567 682 29 Quamuis mulier fuerit occaſio damnationis, tamen poteſt illa quo eſſe occaſio con¬

83 586 675 36 ſeruationis. Ipſa inprimis poteſt ſalua fieri, ſi manſerit in fide & dilectione, & aliquo

83 607 675 38 modo dici cauſſa ſalutis filiorum, quos ipſa bene inſtruxerit, & inſtruſ ad gloriam Dei

83 630 675 33 ritè curauerit. Sicut ſine dubio multum iuuit Timotheum, quòd rectè ab infantia, pro¬

81 656 683 26 curante matre, in ſacris literis fuerat inſtitutus. Itaque hîc cum ait, per generationem li¬

81 679 684 25 berorum, intelligi conuenit, quicquid ad puerorum generationem & educationem

81 699 683 29 pertinet, nempe partus dolores, labores in educando, diligentiam & curam in for¬

80 719 684 29 manda infantia & pueritia, quæ ſine dubio laborioſa ſunt, & Deo inprimis grata offi¬

82 739 683 29 cia, maximè ſi ex animo & longanimiter à matribus perficiantur. Hinc diſcimus, non

82 762 682 28 ſatis eſſe, ſi parentes curent, vrliberi viuant, ſed oportet eos curare, vt bene viuant,

84 782 682 32 vt in fide & timore Domini etiam à teneris vnguiculis inſtituantur. Eccleſ.7. filij tibi

83 805 399 30 ſunt, erudi illos, & incurua illos à pueritia illorum.

104 830 657 24 St manſerint in fide ac dilectione & ſanctificatione cum castitate.) Græcè legitur, ἔαν

83 849 677 25 μένωσιν, plurali numero, ſi manſerint. ἑτέρωσις numeri per hebraiſmum, qui eſt Paulo

86 869 676 31 frequens, vt hic numerus reſpiciat ad id, quod principio habebatur. Conſimiliter &

86 893 680 27 mulieres. Quidam vitantes hebraiſmum malunt legere in ſingulari numero. Perſpí¬

86 911 681 27 cuum autem eſt, verbum iſtud referendum ad mulieres, non ad liberos. Quis enim

86 933 680 27 ſenſus fuerit: Mulieres ſaluas fore, ſi liben manſerint in fide & dilectione: quaſi verò

86 954 681 30 in poteſtate mulieris eſſet, efficere, vt tales maneant, aut ipſa alioquin ſeruari non poſ¬

86 976 681 31 ſit, niſi illi integri in fide perſtent? Significatur itaque mulieres ipſas ſaluas fore, non

83 991 683 37 quidem ratione educationis prolium, quaſi ea re ſalutẽ promererentur, ſed (quod per

86 1019 681 31 Correctionem uidetur addi) ſi quo diligentiam omnem expenderint in educandis

88 1037 674 33 prolibus, manſerint in fide & dilectione, id eſt, ſi à fide & Charitate non excidant

85 1058 677 33 Et ſi manſerint in ſanctificatione, id eſt, ea præſtent, per quæ eas ſanctas eſſe agnoſci

83 1080 683 33 queat: deni cum caſtitate, id eſt, ſi uerbis, factis, deni uniuerſa uita ſobrietatem

84 1100 682 37 & caſtitatem, & modeſtiam præ ſe ferant. Proinde hic locus eſt admodum conſola¬

84 1122 682 34 torius, præſertim ijs mulieribus, quæ arbitrantur, ſe prolium turba grauari. Scire de¬

83 1143 683 32 bent, ſuam conditionem Deo probari, maximé ſi diligentes ſint in liberorum ſuorum

84 1165 677 34 honeſta educatione. Et matronarum ſingulare decus eſſe liberos, conſtat ex Cor¬

86 1187 675 30 neliæ Gracchorum iudicio. Apud hanc enim cum Campana quedam matrona diuer¬

87 1208 678 34 tiſſet, quæ oſtendit ei monilia ſua, qualia illo ſeculo maximi fiebant, illa remorata eſt

87 1226 677 39 Campanã ſermone, donec liberi è ſchola redirent. Tum, hæc, inquit, ornamenta mea

86 1249 678 51 ſunt: ſentiens matronæ nihil eſſe pretioſius, quam liberos recté educatos. Item com

602 1288 19 25 g

670 1277 97 43 mendantur

766 418 71 40 vbi  & quos

766 448 74 29 docere debe¬

766 466 61 31 uut mulie¬

765 486 27 39 res.

765 568 75 44 Mulier quo¬

765 599 73 39 modo ſalua¬

766 622 50 46 ri queat.

765 813 77 34 ἑτέρωσις nu¬

769 838 74 31 meri per He¬

766 857 67 34 braiſmum.

770 999 65 37 Correctio.

773 1030 61 50 1. Theß. 4.

770 1071 74 30 Hæc eſt uo¬

769 1089 68 33 luntas Dei,

769 1109 69 31 Sanctifica¬

769 1129 65 30 tio ueſtra,

770 1149 29 30 &c.

773 1169 66 31 Liberis be¬

771 1188 68 30 ne educatis

771 1205 77 33 mulieri nihil

771 1226 67 33 pretioſius,

771 1247 68 28 nihil́ lau¬

773 1265 53 40 dabilius.
