1000 1564
222 143 408 23 AD TIMOTHEVM CAP. II.

757 161 15 0 71

90 145 688 40 Hiris. Certẽ quæ ueſte operoſa excedit reliquas, & ſuam ipſius conſcientiam grauat ſu¬

89 179 685 31 perbia, & aliorum animos irritat ad miniſteriũ libidinis. In ſumma, deformat matronã

91 203 682 26 quicquid lædit verecundiam aut ſuſpectam reddit caſtitatem. Nam etiam ſuſpicionẽ

93 222 678 32 omnem euitare conſultum eſt. Sed quid ſit amictus modeſtus, Apoſtolus per contra¬

93 242 234 31 rium voluit explicare, dicens:

110 260 662 31 Non tortis crinibus, aut auro, aut margaritis, aut veſtitu ſumptuoſo.) Cum orandi gra¬

90 287 683 26 tia adeatur locus orationis, nequaquã ſe ſic cõponent, quaſi adirent nuptias aur thea¬

91 306 682 30 trum, aut lupanar, cauſſa ſaltandi aut libidinãdi. Veſtitum magno ſumptu paratũ me¬

92 328 681 29 ritò damnat Apoſtolus, quẽ etiam damnarunt leges Veſtiariæ quorundam ethnicorũ

90 351 683 30 principum. Nã & Suetonius in Cæſare ſcribit, ꝙ cõchiliatã veſtem & margaritas, niſi

92 376 681 22 certis perſonis & ætatibus, per́ certos dies, permiſit. Sed multò iuſtiſsimè damnan¬

90 393 682 29 tur etiam illa ſuperuacanea & operoſa, cuiuſmodi eſt torquere crines, & id genus quę

92 414 692 30 non niſi ad laſciuiam ſunt excogitata. ldeo Petrus i. cap.3. Vxorum ornatus ſit non

90 435 696 28 externus, qui ſitus eſt in plicatura capillorum & additione auri, aut in palliorum ami¬

89 456 697 28 ctu, verũ oecultus, qui eſt in corde homo, ſi is caret omni corruptela, ita vt ſpiritus pla

89 477 699 29 cidus ſit ac quietus, qui ſpiritus in oculis Dei magnifica & ſumptuoſa res eſt. Nam ad

89 502 684 25 eũ modum olim & ſanctæ illæ mulieres ſperantes in Deo, comebant ſeſe & ſubditæ e¬

91 520 680 31 rant ſuis uiris. Sed de omni hac re copioſiſsimè Tertullianus, qui unũ librũ conſeripſit

89 543 682 27 de habitu mulierum, in quo potiſsimũ ornamentorum & moniliũ uſum reprehendit:

88 564 683 30 alterum, de cultu fœminarum in quo fucum, lenocinium & nitorem operoſum repro¬

90 582 523 30 bat: Eundem́ Cyprianus imiratus eſt libro de habitu uirginum.

112 613 661 23 Sequuntur ouo racita argumenta, quibus ad modeſtiam ueſtitus hortatur. Sed quod

89 628 681 29 decet mulieres: Argumentum à Decoro. Ideo contentas eſſe decet ueſtitu ſimpliciore,

89 646 682 30 quia id decer, maximè eas quæ conueniunt ad orandum. Non cõuenit matronis eun¬

88 669 683 33 tibus ad locum orationis idẽ habitus, qui uix conueniat adeuntibus nuptias aut thea¬

86 688 687 35 trum: ſed omnium minime decebit Profitentes pietatem per bona opera: Argumentum ex

86 710 687 31 circumſtantia à conditione religionis. Vt talis ſumptuoſus habitus alias mulieres for¬

84 731 689 32 taſse deceat, at nequaquam decet eas, quæ profitentur religionem Chriſtianam, quæ

86 749 687 35 pietatem ſuam teſtari debent per bona opera, id eſt, in omnibus moribus externis, nõ.

89 775 681 34 ſolum dictis & factis, ſed etiam ipſo ueſtitus genere: Ita nam religionem ſuam at

86 797 685 31 innocentiam teſtari debent Chriſtiani, in omni uita, in dictis, factis, ueſtitu, inceſſu, de¬

87 819 671 35 ni in omnibus rebus, quæ ad ædificationem ſeu bonũ exemplũ aliorũ queant fieri.

135 844 612 37 Mulier in ſilentio diſcat cum omni ſubiectione. Ceterùm mulieri docere non

111 870 502 42 permitto, neq autoritatem vſurpare in viros, ſed eſſe in ſilentio.

89 895 679 46 Quoniam hîc præſcripſit, quomodo in cœtu eccleſſaſtico mulier ſeſe geret in ueſtitu,

87 921 677 39 inter orandum, adijcit per occaſionem quomodo ſe habebunt in cœtu eccleſiaſtico in

87 943 677 41 diſcendo:atque hæc ordinatio ualde quoque neceſſaria eſt & utilis. Proinde uult mu¬

86 963 678 41 lieres in cœtu eccleſiaſtico, cum docctur, nihil aliud quàm humiliter ſilere & benignis

86 987 678 36 auribus amplecti quod proponitur: non aliqua à doctoribus inquirere, etiam ſi for¬

84 1006 680 40 taſsis ſit de quo dubitent, multò minus ferendum ut ipſæ doceant. Clarius explicat̃

87 1028 677 39 hæc ordinatio ſiuæ εὐταξία 1. ad Cor.14. ubi uiris quidẽ permittit ſingulatim omnibus

85 1052 685 37 prophetare, ut oẽs diſcant, & omnes cõſolationẽ accipiant: Sed ſeruato interim ordi¬

83 1072 678 37 ne, & ne plures ſimul loquantur: At mulieres uult prorſus ſilere: Mulieres veſtræ in ec¬

83 1093 678 42 cleſits ſileant: inquit: nec enim permiſſum eſt illis ut loquantur, ſed ut ſubditæ ſint

86 1117 679 35 quemadmodum & lex dicit. Quõd ſi quid diſcere uolunt, domi ſuos uiros interro¬

86 1138 697 40 gent. Nam turpe eſt mulieribus in cœtu loqui. En quòd, etiam ſi quid diſcere uellent,

83 1157 679 40 ipſarum tamen non eſt in eccleſia interrogare doctores. Cauſſam addit, indecorũ eſſe

83 1178 679 39 mulierem quoquo pacto loqui in cœtu, Eſt enim ſuperbum animal mulier, & ſicut ex

83 1196 679 44 ueſtitu gloriam inanem captat, ita multo magis captaret gloriam ex quæſtionibus. Et

83 1219 679 42 præterquam quòd fortaſsis parũ conuenientia interdum proponerent, tum doctorũ

83 1240 679 43 contẽptus inde naſceretur, præſertim ſi abſurdis quæſtionibus muliercularũ pro pala¬

84 1265 684 49 to omniu non ſatisfaceret. Sed potuiſſet eadẽ res ridicula uideri ethnicis, ſi permiſſum

711 1297 57 35 fuiſſet

774 570 61 68 A decoro.

774 682 76 41 A circũstan¬

774 712 74 32 tia & condi¬

773 731 74 39 none religio¬

773 750 24 39 nis.

769 933 70 28 Quomodo

769 951 75 31 mulieres ſe¬

770 973 73 31 ſe gerent in

769 994 71 30 cœtu eccle¬

770 1013 64 30 ſiastico in

769 1032 56 28 docendo.

771 1079 73 41 Mulierin in ec¬

767 1110 77 47 cleſia ſilaet.

769 1174 75 32 A turpi ſiue

767 1195 60 27 in decoro.

766 1210 77 35 Mulier ani¬

766 1232 68 41 mal ſeper¬

767 1253 34 35 bum.
