1000 1564
212 134 412 23 AD TIMOTHEVM CAP. II.

750 134 15 25 69

82 142 689 37 ipſsemet intercedit pro nobis, exaudiuntur. Iniuriam facit Chriſto, qui alium ſibi me¬

82 172 221 31 diatorem fingit. Sequitur:

102 181 669 39 Vt eſſet teſtimonium temporibus ſuis.) q' d. Quòd Chriſtus dederit ſe in pretium re¬

83 212 688 29 demptionis pro omnibus, non pro ludæis tantùm, ſed pro cuiuſcun conditionis ho¬

82 233 689 29 minibus: id Deus teſtatum fieri uoluit toti mundo, omnibus́ retrò temporibus, vt

82 252 689 32 homines intuentes in tantam charitatem Dei, ſimiliter ad Charitatis officia inter ſeſe

84 278 686 30 præſtanda excitarentur. Addit, ſibi iniunctum id munus, teſtandi uidelicet mundo,

86 299 120 32 quod ita eſſet.

108 324 636 40 In quo poſitus ſum ego præco & Apoſtolus, veritatem dico in Chriſto, non men¬

109 351 337 39 tior, doctor gentium cum fide & veritate.

102 385 662 29 Confirmatio præcedentis aſſertionis de vno reconciliatore Chriſto, à ratione of¬

83 404 679 35 ficij ſui, & ſura ipſius fide integritate quam iuramento probat. Oſtendit propri¬

83 427 679 30 um ſuum officium eſſe teſtari & palàm facere eximiam Dei erga nos charitatem, præ¬

83 449 678 30 cipue quòd Chriſtus ſit vnus reconciliator Dei & hominum, qui ſemetipſum obtu¬

82 469 682 34 lerit in pretium redemptionis pro omnibus. Pronide hic notatur, hanc propriam

83 492 681 28 eſſe doctrinam Apoſtolicam de uno reconciliatore Chriſto. Quare grauiſeimè pec¬

84 513 678 31 cant, & à doctrina apoſtolica longiſsimè diſcedunt, qui alios reconciliatores, uel a¬

84 536 307 27 lias reconciliandi formas meditantur.

106 552 657 32 Veritatem dico in Chriſto, non mentior.) Confirmatio eſt ueluti iuramento adhibito

88 576 676 31 & interpretatio per contrarium. Doctorem gentium ſe uocat, ſimulut hanc doctrinã

87 599 680 30 de reconciliatore Chriſto gentibus magis commendet, ſimul ut inſinuet plenius Chri¬

87 623 684 30 ſtum pro omnibus ſatisfeciſſe, non tantùm pro ludæis, ſed etiam pro gentibus: neque

86 640 455 33 faſtu ullo uel arrogantia, ſed miniſterium ſuum ſignificat.

106 667 661 23 Cum ſiue & vertate ) A ſua ſide & integritate. Cũ fide, inquit, non cum Syllogiſmis

84 684 678 31 aut uana eloquentia, non ut fallam aut decipiam. Diſcant proinde hinc miniſtri uerbi,

86 704 685 31 quibus rationibus doctrinam ſuam confirmare debeant, dent́ operam, ut uerè his

86 728 684 27 uerbis uti queant, uidelicet, ſe ueritatem dicere in Chriſto, ſe docere in fide & ueritate.

86 748 351 30 Hactenus, quòd ſit orandum pro omnibus.

110 771 634 48 Volo igitur orare viros, in omni loco, ſuſtollentes puras manus abſq ira & di¬

110 805 101 36 ſceptatione.

104 838 662 28 Addit nonnulla de orandi modo. Orare autem uult uiros omni loco. Nam orandũ

87 856 680 32 quidem tunc maximè, cum in cœtum conueniunt, ubi orari, docert uerbum ſolet: ſed

87 878 680 30 non ibi tantùm, uerumetiam ubi & quocun tempore. Ita excitat uiros ad oran¬

88 897 678 33 di diligentiam & frequentiam: & præterea ſuperſtitiones omnes de loco aut tempo¬

87 921 680 31 re orandi reſecat. Orandum eſt omni loco, non ſolùm ubi omnes conueniunt publi¬

88 944 679 30 cè, ſed etiam domi. Eſt domus Dei domus orationis: ſed nihilominus bene etiam erat,

88 966 682 26 qui, ut habetur Matth.6. Petit ſecretum cubiculi ſui, & ibi orat, humanam deuitans glo¬

86 984 679 33 riam. Eſt etiam orandum foris, quia, ut Matth. 5. lucere debet lux noſtra coram homi¬

84 1004 681 32 nibus, ut uideant opera noſtra bona, & glorificent patrem qui eſt in cœlis: Sed ſic o¬

84 1027 681 32 randũ in propatulo, ut abſit Phariſaica oſtentatio: ſie in cubieulo, ut animus foris non

86 1047 679 33 uagetur, ſed ad ſolum Deum feratur. Superſtitioſum autem erat, quod ut habet loan,

87 1070 678 32 4. ludæi dicebant, orandum præcipuè in Templo Hieroſolymitano, Samaritani uerò

84 1090 681 32 in montibus. Chriſtus ubi uult orari, modò in ſpiritu & ueritate oretur. Adſit ſpiri¬

84 1113 681 32 tus & ueritas, nec multum refert, quo ſis loco. Non locus orationem commendat, ſed

87 1135 448 27 affectus fidei, id quod etiam uerba ſequentia declarant.

108 1153 657 34 Suſtollentes puras manus, ab ira & diſceptatione.) Metaphoris ſumptis & à ſacris

88 1173 679 37 deorum, in quibus omnia exterius munda eſſe debebãt, & ab habitu corporis ueteri¬

89 1200 683 26 bus inter orandũ uſitato, oſtendit quomodo animos noſtros ad orandũ componi de¬

90 1222 683 27 ceat. Vult ſuſtolli manus: ſic enim ueteres manibus eleuatis in altũ orabãt, id quod &

89 1240 684 29 picturæ quædã teſtãtur. Et Exod.17. manus leuante & orante Moſe uincit lſrael Ama¬

89 1265 685 40 lechitas. Significatur ergo per manuum eleuationẽ eleuatio mentis: ſicut & manibus

709 1285 66 38 ſurſum

771 409 59 26 A ratione

771 424 43 60 officij.

773 546 67 27 A cõtrario.

770 566 68 27 Paulus do¬

771 582 73 55 ctor gentiũ.

775 840 75 37 Vbi orandũ

774 852 18 40 ſit.

773 930 66 25 Onni loco

774 944 59 33 orandum.

773 1015 67 25 Quomode

774 1030 73 28 & domi &

775 1050 73 38 foris ſit orã¬

775 1070 30 30 dum.

774 1093 72 43 In ſpiritu &

773 1120 67 32 uertate o¬

774 1140 53 30 randum.

775 1157 63 38 Metapho¬

777 1182 19 36 ræ.
