1000 1564
219 119 422 40 AD TIMOTHEVM CA P. II.

766 123 13 28 55

91 142 676 46 nium: ita nec oratio temporibus aut dieb. eſt alliganda: ſicut nec tunc tantum modo,

91 159 676 52 ſed præterea quacunque alia hora orare, oportunum eſt. Porrò, quo magis excitet

91 178 676 51 omnes ad orandum, vtitur congerie, plures orationum ſpecies coaceruans: quo nimi¬

93 202 679 47 rum declaretrem eſſe maxime neceſſariam & plurimi faciendam, vt pro eadem ſignif¬

92 222 681 49 catione liceat omnia illa accipere, & ſæpè contunduntur, ſicut in exordio Philippen¬

95 245 679 50 ſium & alibi Apoſtolus precationibus includit gratiarum actionem. Nonnullis ta¬

95 263 676 49 mẽ magis placet diſtinguere, vt Charitatis officia in orando plenius intelligantur, ſic

96 288 675 48 autem legimus: Fiant deprecationes, obſecrationes interpellationes, gratiarum actiones

96 307 675 52 Deprecatio quæ Gręcè δὲησις, ſignificat orationem, qua petimus liberari à malis

96 328 675 47 vrgentibus vel imminentibus: vnde dicimus quotidiè, libera nos à malo. Obſecratio,

96 350 675 47 Græcè προσευχή, eſt qua precamur nobis dari bona: quò pertinet illud, Panem no¬

95 368 676 56 ſtrum quotidianum da nobis. Interpellatio, ἔντευξις, qua querimur de iniuria nobis

97 394 676 48 illata: quo in genere ſunt multi Plalmi, quibus petimus tales in viam redire & reſipiſ¬

96 414 673 50 ſcere: quò videtur pertinere nllud. Sanctificetur nomen tuum. Gratiarum actio ευχα¬

96 435 675 52 ριστία, cum pro bonis accepris, imo & pro malis bona voluntate Det nobis inflictis,

97 458 679 45 Deo agimus gratias: quo illud, Fiat voluntas tua. Et hæc omnia non ſolum noſtra

97 479 680 51 cauſa facienda ſunt, verum etiam propter alios. Deprecandum enim, vt alij quoque

98 501 679 49 à malis liberentur:obſecrandum vt alijs quoque bona contingãt:interpellandum pro

99 523 681 43 aliorum quoque aduerſarijs, vt Deus eos emolliat: gratiæ agendæ, tùm etiam, cum a¬

97 543 680 46 lijs bene fuerit. Ideo additur, pro omnibus hominibus: Charitas ſiquidem Chriſtiana

100 564 678 45 nullam perſonam debet ex cludere. Nec ſolum pro nobis orare debemus, verùm pro

101 583 674 49 alijs quoque. Nec pro illis tantûm, qui amici ſunt, qui bene volunt, qui́ coniuncti

101 609 672 43 ſunt religione: verum etiam pro inimicis & pro aduerſarijs noſtræ fidei. Pro omni¬

99 629 672 46 bus, inquit, ἐμφατικῶς. Deus facit ſolem ſuum oriri ſuper malos perinde ac bonos.

99 650 672 44 Et ſi non niſi amicos diligimus, nihilo meliores ſumus gentibus incredulis. Chriſtus

100 669 671 47 orauit pro erucifigentibus, & Stephanus pro lapidantibus: & quondie oramus, Re¬

100 692 671 45 mitte nobis debita ſicut nos remittimus debitoribus, & ijs qui nos offendunt. Et pro

99 714 678 40 bonis ac coniunctis nobis in fide orandum eſt, vt tales perſeuerent, & quantum fieri

100 738 681 44 poteſt, in melius proficiant: pro malis orandum, vt conuertantur, reſipiſcant. & tan¬

99 753 676 48 dem Deus per eos & in eis glorificetur. Pro regibus & omnibus in eminentia conſtitutis,

100 776 675 46 Cum pro omnibus orandum eſſet conſtet, at multò iuſtiisime orandum pro magiſtra

100 800 675 41 tibus. Atque id eo tempore voluit Apoſtolus fieri quàm dillgentilsimè in eccleſia

101 821 683 42 cûm magiſtratus paſsim erãt ethnici, religionis Chriſtianæ hoſtes: ſed ideo multõ ma¬

103 843 683 41 ximè erat pro omnibus orandum, quia illorum nutu atque arbitrio multa fieri poterãt

104 863 682 47 per quæ Euangelij propagatio velimpediretur, vel propagaretur. Vt autem animi

105 889 681 37 eorum immutarẽtur ad fauendum potius Euangelio, quàm ad perſequendum indura¬

104 907 680 40 rentur, æquum erat orationibus id à Deo flagitare. Quæ doctrina etiam à Sanctiſ¬

104 928 683 40 ſimis viris olim diligenter fuit tradita. Sic enim Hieremias capite 29. iubet orari

106 951 680 43 pro ſalute regis & regni Babylonis, vnde apparet Pauli verba quædam huc translata.

105 972 680 40 Quærite, ait ille, pacem ciuitatis, in quam migrare vos feci, & orate pro ea Dominum,

103 996 683 37 quia in pace eius erit pax veſtra. Similiter Eſdras pro Cyro rege Perſarum, Ba¬

102 1013 684 41 ruch. cap.1. pro ſalute Nabuchodonoſor orari voluit. Tertullianus Apologetici

105 1036 675 43 ſuſ capite 30. hanc Chriſtianorum pietatem celebrat. Nos oramus, inquit, pro om¬

101 1057 679 40 nibus Imperatoribus, vitam illis prolixam, imperium ſecurum, domum tutam, exer¬

103 1080 685 41 citus fortes, ſenatum fidelem, populum probum, orbem quietum, & quæcunque

103 1102 679 37 hominis & Cæſaris vota ſunt. Sunt autem multæ cauſſæ, quæ nos moue¬

105 1121 681 41 ant ad orandum pro magiſtratibus, quas expoſuimus in libello noſtro de ho¬

105 1144 683 42 norandis magiſtratibus. Apoſtolus etiam hîc argumenta quædam ſuaſoria attexuit.

106 1166 680 36 Et placidam ac quietam vitam agamus cum omnt pietate & honestate.) A cauſſa fi¬

104 1184 680 42 nali ſiue ab vtili. Ideo orandum eſt pro magiſtratibus, quia per eos poteſt nobis con¬

106 1207 680 42 tingere,ut placidè ac quietè agamus, acliberè Deum laudemus ſine ullis moleſtijs.

106 1229 680 54 Certé ſi nunquam datur pijs quiete agere, neceſſariò omittunt multa bona opera:imò

615 1254 37 36 f 3

714 1253 74 30 quidam

779 123 72 45 semper &

779 155 78 31 omni loco o¬

779 175 77 29 randum eſt.

779 194 65 31 Congeries

778 212 62 33 συναθροι¬

779 231 31 30 σμός.

779 276 71 28 Deprecatio

779 290 43 30 dέησις.

779 306 68 30 Objecratio

779 329 64 29 προσευχή.

779 347 65 28 Interpella¬

779 367 74 40 tio ἔντευξις.

778 402 70 33 Gratiaram

779 423 76 46 action ευχαρι¬

779 443 25 39 στία.

783 533 65 39 Emphaſis.

782 572 75 37 Pro inimicis

782 599 75 31 etiam oran¬

783 619 31 30 dum.

784 629 55 39 Math.5.

779 654 48 31 Luc. 6.

780 673 68 36 Matth.27.

780 694 62 35 Actor.7.

783 742 67 41 Pro magi¬

783 771 76 33 stratu oran¬

783 791 73 39 dum.

784 1021 75 37 Vota Chri¬

783 1047 78 33 ſtianorũ pro

786 1071 75 42 Imperatori¬

790 1088 24 31 bus.

788 1175 51 59 ab utili.
