1000 1564
219 134 422 23 AD TIMOTHEVM CAP. II.

764 148 14 0 67

90 135 691 49 E tamen fieri poteſt, accepit medicinam, ut non dicam, quod medicinæ effectum ha¬

90 168 692 37 bere non poteſt, niſi ad illam æger animum accommodauerit, quia hæc medicina non

91 188 689 37 eſt corporalis ſed ſpiritualis, quæ neque dubijs proficit, neque inuidis. Fides eſt enim

91 212 689 37 quæ dat ſalutem, quam niſi mens tora ſuſceperit uoluntate, non ſolum nihil proderit,

91 229 688 40 ſed & oberit. Fidei etenim gratia hanc habet poteſtatem, ut deuotis ſibi diuinam in¬

92 254 688 36 fundat medelam, indeuotis uerò conferat morbum, per quem totus homo intęreat. lta

93 275 687 40 Ambroſius. Nec obeſt, quod Roman.9. dicitur: Deus cuius uult miſeretur, & quem

92 293 678 41 uult indurat. Sicut ſaluatio hominis non eſt humani meriti. Ita perditio ſiue induratio

91 314 679 43 non eſt ſimpliciter diuinæ uoluntatis. Deus peccatorum non eſt autor. Sed indurare

91 337 679 38 ſic quodammodo dicitur: quia eos ea facta perpetraturos præuidit, per quæ & ob

93 357 684 39 quæ meritò indurari eos permittit. Quare ſic ſtatuendum eſt in tota hac cauſa de hoc

92 382 685 39 loco & ſimilibus: quòd, ut noſtris uiribus nequaquam tribuendum eſt, quod debetur

91 401 679 42 ſoli gratiæ & potentiæ ipſius Dei: lra è diuerſo diuinæ bonitati nequaquam eſt impu¬

91 423 679 38 tandum, quod noſtra contingit propria malitia. A nobis igitur excæcatio eſt & indus¬

91 440 679 42 ratio, à Deo gratia & ſalus. Excæcatio contingit nobis per Dei iuſtitiam, quæ meritò

91 462 679 42 & iure punit noſtra peccata: ſaluatio contingit per Dei bonitatem & miſericordiam,

91 484 679 41 quam nullis noſtris meritis promeremur: Sic Deus excæcare & illuminare, miſereri

91 503 683 44 & indurare, ſed reſpectu diuerſo dicitur. Nonnulli clarius uolentes explicare & ſimpli¬

91 527 683 45 cius, dicunt, in hac propoſitione, Deus uult cunctos homines ſaluos fieri, in nota illa

91 550 683 39 uniuerſali eſſe Hebraiſmum, quo, Omnes, accipitur, pro Omnis generis:ut ſit ſenſus, Deũ

93 574 683 35 uelle omnis generis homines ſaluos fieri, ſiue gentiles, fiue ludæos, ſiue magiſtratus,

95 592 683 37 ſiue ſubditos. Sic quoque accipiendum, ubi mox dicitur, quod Chriſtus dedit ſemet¬

94 616 684 35 ipſum redemptionem pro omnibus. Et facit hæc ratio non parum ad commendatio¬

92 633 681 39 nem diuinæ bonitatis, utpote cùm oſtenditur, Deum non eſle acceptorem perſona¬

92 654 681 45 rum, neque agnoſer uelle tantummodo à ludæis, aut in ſola ludæa, uerùm ab omnibus

94 685 165 33 & ubique terrarum.

141 716 612 52 Vnus enim Deus, unus etiam reconciliator Dei & hominum, homo Chri¬

117 752 635 48 ſtus leſus, qui dedit ſemetipſum pretium redemptionis pro omnibus, vt eſſet teſti¬

120 788 211 33 monium temporibus ſuis.

112 818 666 48 Plenior probatio adiecta, quòd Deus uelit omnes homines ſaluos ſieri : & ad¬

92 851 683 35 huc perſequitur argumentum ab Exemplo, Vnus eſt, inquit, Deus omnium,

95 875 683 30 qui non reſpicit perſonam. Ergo uos quoque reſpicere perſonam non de¬

95 892 678 37 betis, ſed pro omnibns, etiam aduerſarijs orabitis. Præterea unus eſt reconciliator

95 913 678 35 Dei & hominum, uidelicet Chriſtus, qui dignatus eſt ſemetipſum dare in prerium re¬

95 935 684 37 demptionis pro omnis generis hominibus. Ergo uos quoque ſaltem orando interce¬

95 960 684 29 dere pro quibuſcunque æquum eſt. Proinde dicit, Vnus Deus ommum, etiamſi ab omni¬

93 981 686 33 bus nequaquam agnoſceretur. Verùm cum unus Deus omnes condiderit, idem o¬

93 1003 686 30 mnes uoluerit in gratiam recipere, & ad agnitionem ſui nominis uenire, nullos ſper¬

93 1020 691 33 netis uel abijcietis: meritò omnium & unus Deus dicitur. Vnde Roman.3.An ludæo¬

93 1042 695 32 rum Deus tantùm? Annón et gentium? Certe & gentium. Quandoquidẽ unus Deus,

92 1064 683 33 qui iuſtificabſt circumciſionem ex fide, & præputium per fidem. Ergo quando unus

92 1088 683 30 Deus omnium prædicatur, mirificè hic nobis commendatur charitas: ac iubemur in¬

91 1109 684 32 uicem, imo & inimicos & tyrannos diligere, ac pro eorum ſalute orare, utpote quo¬

92 1126 683 36 rum idem eſt nobiſcum Deus, idem conditor & communis quaſi pater, adeo ipſi

92 1149 683 39 quaſi communes ſunt noſtri fratres. Quos Deus ipſe non deſpicit, iniquum eſt à te

94 1178 92 24 contemni.

112 1201 662 24 Vnus etiam reconciliator Dei & hominum, homo Chriſtus Ieſus.) Cum diceret, unum eſſe

92 1216 683 31 Deum, non excluſit ſpiritum ſanctum uel filium: quippe ſubſtantia unum ſunt,

92 1236 683 33 qui perſonis diſtinguntur. Sicut itaque unus eſt Deus atque omnium, eo mouert

93 1261 682 51 debemus, ut neminem aſpernemur. lta unus quoque eſt omnium reconcliator, unus

667 1281 63 36 f 4

742 1280 38 31 eſt

779 289 74 45 Deus quo¬

778 321 75 29 modo indu¬

778 341 75 35 rare dicatur.

775 384 78 48 A contrario.

775 420 78 33 A nobis eſt

775 440 78 31 excecatio et

775 461 80 30 a Deo gratia

775 480 69 33 & ſalus..

779 505 74 43 Senẽtia fim¬

777 535 75 33 plicior &

777 555 67 34 dilucidior.

775 625 72 38 Actor.16.

775 655 65 29 Coloſo.3.

778 672 53 52 Galat.3.

779 830 76 51 Vuus Deus

779 870 76 47 Vnus recon¬

779 908 50 29 ciliator.

779 1050 78 48 Dei dilectio

779 1085 78 31 nos ad mu¬

779 1106 78 29 tuam horta¬

779 1123 77 33 tur dilectio¬

779 1146 34 30 nem.

782 1193 75 39 Tres perſo¬

782 1222 75 30 næ, una ſub¬

779 1239 77 36 ſtantia, unus

780 1260 38 40 Deus.
