1000 1466
306.0 21.0 161.0 44.0 CAP. II.

772.0 1.0 38.0 56.0 19

64.0 57.0 742.0 52.0 ſtri nobis eſſe incipiant. Non ergo pro iis tantd̀m, qui iam digni

59.0 94.0 727.0 46.0 ſunt, orare nos decet: ſed rogandus Deus, vt ex malis bonos faciat.

67.0 121.0 739.0 47.0 Tenendum enim ſemper iſtud principium: tam ad religionis, quàm

63.0 149.0 743.0 46.0 ad tranquillitatis & honeſtatis publicæ cuſtodiam deſtinatos eſſe à

64.0 179.0 736.0 50.0 Deo magiſtratus: non aliter quàm terra procreandis alimentis ordi¬

63.0 215.0 736.0 42.0 nata eſt. Quemadmodum itaque pro pane quotidiano orantes, Deum

64.0 239.0 732.0 48.0 rogamus, vt terram ſua benedictione fœcundet: fic in illis prioribus

63.0 269.0 729.0 47.0 beneficiis ordinarium medium, quod ſua prouidentia conſtituit, re¬

63.0 298.0 731.0 48.0 ſpicere debemus. Huc accedit, quod ſi beneficiis iſtis, quorum diſpẽſa¬

66.0 329.0 726.0 46.0 tionem magiſtratibus Paulus aſſignat, deſtituimur: id contingit no¬

68.0 359.0 727.0 47.0 ſtra culpa. Inutiles enim magiſtratus nobis reddit ira Dei, non ſecus,

66.0 389.0 731.0 46.0 ac terram ſterilem. Quare noſtrûm eſt, eiuſmodi flagella deprecari,

66.0 418.0 732.0 47.0 quæ peccatis noſtris irrogantur. Præterea hîc officii ſui viciſſim ad¬

66.0 448.0 734.0 45.0 monentur principes, & quicunque magiſtratum gerunt. Neque e¬

66.0 478.0 739.0 45.0 nim ſatis eſt, ſi ius cuique ſuum reddendo, iniurias omnes coerceant

70 509 725 46 pacémque foueant:niſi & religionem promouere, & honeſta diſcipli¬

68.0 535.0 732.0 44.0 na mores componere ſtudeant. Neque enim fruſtra hortatur Dauid,

71.0 566.0 726.0 44.0 vt Filium oſculentur nec fruſtra Ieſaias denunciat, fore Eccleſiæ nu¬

70.0 594.0 727.0 45.0 tricios. Quare non eſt quod ſibi blandiantur, ſi ad cultum Dei aſſe¬

70.0 630.0 452.0 41.0 rendum adiutores ſe præbere neglexerint.

145.0 653.0 655.0 49.0 Hoc enim bonum eſt.) Poſtquam vtile eſſe docuit quod

70.0 683.0 728.0 47.0 præcipiebat, iam validius argumentum proponit: Deo ita placere.

70.0 716.0 727.0 43.0 Nam vbi conſtat de eius voluntate, inſtar omnium rationum eſſe no¬

69.0 741.0 728.0 49.0 bis debet. Bonum accipit, pro recto & legitimo. Quia autem Dei vo¬

71.0 776.0 729.0 44.0 luntas regula eſt, ad quam exigenda ſunt officia noſtra omnia: re¬

74.0 801.0 732.0 47.0 ctum inde eſſe probat quia Deo acceptum eſt. Sequitur deinde huius

74.0 832.0 733.0 46.0 etiam ſecundi membri confirmatio quia velit Deus omnes homines

70.0 864.0 735.0 44.0 ſaluos facere. Quid autem magis æquum, quàm vt huic Dei decreto

70.0 891.0 745.0 42.0 vota noſtra ſubſeruiant? Poſtremd autem, Deo cordi eſſe omnium ſa¬

71.0 922.0 711.0 42.0 lutem demonſtrat, quia omnes ad veritatis ſuæ agnitionem vocet.

71.0 951.0 735.0 44.0 Argumentum eſt à poſteriori. Nam ſi Dei potentia eſt Euangelium

70.0 982.0 736.0 45.0 in ſalutem omni credenti: certum eſt inuitari omnes ad ſpem vitæ

70.0 1009.0 735.0 45.0 æternæ, quibus Euangelium offertur. Denique ſieut vocatio docu¬

69 1039 732 44 mentum eſt arcanæ electionis: ita quos facit Deus Euangelii ſui pan¬

70.0 1066.0 731.0 50.0 ticipes, eos ad ſalutis poſſeſſionem admittit. Quia Euangelium iuſti¬

69.0 1099.0 729.0 42.0 tiam Dei nobis reuelat: quæ certus eſt in vitam ingreſſus. Hinc appa¬

70.0 1128.0 730.0 48.0 ret, quàm pueriliter hallucinentur, qui locum hunc prædeſtinationi

70 1158 727 44 opponunt. Si Deus, inquiunt, omnes indifferenter vult ſaluos fieri:

72.0 1187.0 726.0 42.0 falſum eſt, alios ad ſalutem, alios ad exitium æterno eius conſilio eſſe

75.0 1215.0 724.0 49.0 prædeſtinatos. Aliquid fortè dicerent, Si Paulus hîc de ſingulis homi

76.0 1246.0 724.0 50.0 nibus ageret. Quanquam tunc quoque non deeſſet ſolutio. Nam etſi

70.0 1275.0 730.0 68.0 Dei voluntas non ex occultis ipſius iudiciis æſtimanda eſt, vbi exter

668 1312 53 47 b 2

814 1152 36 78 §.d.
