1000 1466
178.0 64.0 37.0 15.0 18

436 41 222 37 I. TIMOTH.

269.0 72.0 647.0 44.0 Pro Regibus.) Nominatim de Regibus meminit & magi¬

195.0 105.0 726.0 41.0 ſtratibus reliquis, quia præ aliis exoſi eſſe poterant apud Chriſtianos.

198.0 139.0 723.0 38.0 Quotquot enim erant illo tempore magiſtratus, totidem erant quaſi

195.0 166.0 725.0 36.0 iurati Chriſti hoſtes. Poterat igitur obrepere iſta cogitatio, non eſſe

193.0 195.0 726.0 42.0 pro illis orandum, qui totas vires opésque ſuas conferrent ad oppu¬

193.0 224.0 728.0 44.0 gnanduni Chriſti Regnum, cuius propagatio imprimis optanda eſt.

192.0 255.0 729.0 37.0 Occurrit autem Apoſtolus, ac diſertè, iubet pro illis etiam precari. Et

192.0 284.0 729.0 41.0 certé, non efficit hominum prauitas quominus amanda ſit Dei inſti¬

193.0 315.0 729.0 40.0 tutio. Proinde cum magiſtratus ac principes Deus ad conſeruatio¬

196.0 344.0 731.0 37.0 nem humani generis creauerit: vtcunque multi degenerent à diuina

197.0 373.0 730.0 39.0 ordinatione: non tamen ceſſare proprerea debemus, quin & amemus

200.0 403.0 728.0 39.0 quod Dei eſt, & ſaluum cupiamus. Hæc cauſa eſt, cur debeant fideles,

201.0 433.0 728.0 39.0 in quacunque regione degant, non modò legibus & magiſtratuum

204 461 715 39 imperio parêre:ſed in ſuis etiam precibus eorum ſalutem commenda

207.0 491.0 722.0 39.0 re Deo. Dicebat Iſraelitis Ieremias: Orate pro pace Babylonis: quoni¬

207.0 522.0 723.0 35.0 am in pace eius pax veſtra. Hæc vniuerſalis eſt doctrina, vt ordinatas

205.0 550.0 531.0 42.0 à Deo poteſtates cupiamus ſaluas & pacatas ſtare.

279.0 578.0 654.0 42.0 Vt tranquillam.) Propoſita vtilitate, ſtimulum nobis ad¬

202.0 610.0 732.0 38.0 dit. Fructus enim enumerat, qui ex principatu ritè compoſito nobis

204.0 638.0 729.0 42.0 proueniunt. Primus eſt, tranquilla vita. Gladio enim ſunt armati ma¬

207.0 667.0 731.0 42.0 giſtratus, vt nos in pace contineant. Niſi compeſcerent improborum

207.0 698.0 727.0 39.0 audaciam, latrociniis & cædibus omnia eſſent plena. Hæc igitur pa¬

207.0 728.0 728.0 37.0 cis tuendæ ratio, cum vnicuique redditur quod ſuum eſt, nec impu¬

211.0 756.0 723.0 42.0 nè graſſatur potentiorum violentia. Secundus eſt, pietatis conſerua¬

212.0 792.0 725.0 34.0 tio: dum ſcilicet incumbunt magiſtratus, ad fouendam religionem,

215.0 817.0 700.0 34.0 ad aſſerendum Dei cultum, ad ſacrorum reuerentiam exigendam.

220.0 845.0 721.0 41.0 Tertius eſt, cura publicæ honeſtatis. Nam hoc etiam fit magiſtratu¬

215.0 877.0 725.0 36.0 um beneficio, ne ad beluinas fœditates ſe homines proſtituant, aut

211.0 905.0 729.0 38.0 indecorè laſciuiant, ſed porius vigeat modeſtia & moderatio. Hæc

212.0 934.0 727.0 39.0 tria ſi tollantur qualis erit humanæ vitæ ſtatus? Si qua ergo vel pu¬

215.0 964.0 724.0 39.0 blicæ tranquillitatis, vel pietatis, vel honeſtatis cura nos tangit: me¬

219.0 996.0 720.0 34.0 minerimus eorum quoque habendam eſſe curam, quorum miniſte¬

221.0 1022.0 719.0 37.0 rio tam præclara bona ad nos perueniunt. Vnde colligimus, omnis

221.0 1055.0 721.0 36.0 humanitatis expertes eſſefanaticos homines, nec aliud quàm feram

220.0 1084.0 722.0 37.0 barbariem ſpirare, qui magiſtratus è medio ſublatos cupiunt. Quan¬

220.0 1111.0 722.0 36.0 tûm enim hæc diſcrepant: vt vigeat ius & honeſtum, vt floreat reli¬

219.0 1141.0 725.0 41.0 gio, orandum eſſe pro Regibus: & non modò regni nomen, ſed to¬

219.0 1172.0 727.0 37.0 tam politiam religioni eſſe aduerſam? Atqui prioris ſententiæ au¬

219.0 1201.0 728.0 36.0 thorem habemus Spiritum Dei. Secundam ergo à Diabolo eſſe o¬

220.0 1230.0 729.0 41.0 portet, Si roget quiſpiam, an etiam pro Regibus orandum ſit, à qui¬

220.0 1261.0 731.0 38.0 bus nibil tale percipimus? Reſpondeo, huc tendere vota noſtra, vt

220.0 1290.0 731.0 46.0 Spiritu Dei gubernati, bonorum, quibus antea nos priuabant, mini¬

907.0 1319.0 44.0 44.0 ſtri
