1000 1466
371.0 8.0 172.0 38.0 CAP. II.

797.0 0.0 21.0 43.0 23

74.0 40.0 740.0 51.0 natum in eorum cerebris, mortuos pro nobis intercedere. Ergo in

75.0 74.0 738.0 43.0 eo fundare preces noſtras, eſt fidem penitus à Dei inuocatione auel¬

74.0 103.0 743.0 45.0 lere. Atqui Paulus regulam Dei ritè inuocandi præſcribit, fidem ex

74.0 133.0 744.0 47.0 verbo Dei conceptã Ro.1o. Meritd itaque repudiamus, quod curioſi

74.0 162.0 742.0 47.0 homines extra Dei verbum imaginantur. Sed ne prolixior ſim, quàm

73.0 191.0 740.0 49.0 loci expoſitio flagitat: ſumma ſit, Chriſto vno fore contentos, qui

74.0 219.0 734.0 49.0 verè didicerint eius officium: mediatores ſibi propria libidine fabri¬

74.0 252.0 732.0 44.0 care eorum eſſe, qui nec Deum nec Chriſtum nouerunt. Vnde conſti

74.0 281.0 732.0 46.0 ruo, Papiſtarum doctrinam, quæ & Chriſti patrocinium obſcurat,

75 316 730 39 imo ferè ſepelit, & fictitios inducit Patronos abſque vſſo ſcripturæ

79.0 340.0 727.0 49.0 teſtimonio, tum impiæ diffidentiæ, tum etiam impiæ temetitatis ple¬

80.0 378.0 115.0 33.0 nam eſſe.

158.0 397.0 652.0 50.0 Qui dedit ſemetipſum.) Non eſt ſuperuacua hoc loco re¬

76.0 430.0 739.0 40.0 demptionis commemoratio. Sunt enim res neceſſariò coniunctæ,

78.0 461.0 737.0 44.0 ſacrificium mortis Chriſti, & perpetua interceſſio: ſuntque duæ ſa¬

78.0 490.0 734.0 45.0 cerdotii partes. Nam hac ſignificatione ſacerdos noſter Chriſtus vo¬

79.0 521.0 738.0 41.0 catur, quòd ſemel peccata noſtra morte ſua expiauit, vt Deum nobis

82.0 548.0 728.0 47.0 propitium redderet, & nunc ſanctuarium cœli ingreſſus, ad impetran¬

83.0 576.0 724.0 43.0 dã nobis gratiam coram Patre apparet, vt eius nomine exaudiamur.

83.0 606.0 723.0 48.0 Quo melius detegitur ſacrilega Papiſtarum impietas, qui dum in

79.0 635.0 726.0 45.0 hoc officio ſanctos Chriſto ſocios adiungunt, ſimul ad eos tranſfe¬

80.0 665.0 725.0 44.0 runt ſacerdotii gloriam. Lege quartum caput ad Hebræos circa fi¬

81.0 697.0 728.0 45.0 nem & initium quinti. Reperies quod dico, interceſſionem, qua

81.0 726.0 727.0 46.0 propitiatur nobis Deus in ſacrificio fundatam eſſe. Quinetiam tota

82.0 756.0 728.0 44.0 veteris ſacerdotii ratio hoc demõſtrat. Sequitur ergo nihil ex officio

83.0 783.0 727.0 43.0 intercedendi à Chriſto tranſeribi poſſe ad alios, quin ſacerdotii titu¬

87.0 813.0 727.0 47.0 lo nudetur. Præterea cum αντιλυτρον appellat, alias omnes ſatiſfa¬

86 845 723 45 ctiones eueritit. Quanquam non me latet Papiſtarum argutia: fin¬

83.0 873.0 728.0 46.0 gunt enini redemptionis preciumi, quod morte ſua perſoluit Chri¬

83.0 904.0 727.0 45.0 ſtus, in Baptiſmo nobis applicari, vt deleatur originale peccatum:

83.0 933.0 727.0 47.0 poſtea ſariſfactionibus nos reconciliari Deo. Hoc modo, quod erat

83.0 962.0 727.0 43.0 vniuerſale & perpetuum beneficium, ad exiguum tempus & ſpe¬

82.0 993.0 730.0 45.0 ciem vnam reſtringunt. Sed plenam huius rei tractationem ex In¬

84.0 1029.0 187.0 40.0 ſtitutione pete.

159.0 1049.0 651.0 51.0 Vt eſſet teſtimonium.) Hoc eſt, vt hæc gratia patefieret

83.0 1084.0 724.0 44.0 tempore conſtituto. Dixerat, pro omnibus. Quæ parcicula quæſtio¬

83.0 1114.0 727.0 44.0 nem mouere poterat:cur ergo peculiarem vnum populum elegiſſet

84.0 1143.0 724.0 42.0 Deus, ſi omnibus communiter ſe propitium Patrem exhiberet, ac

85.0 1172.0 721.0 39.0 vna omnibus communis eſſet redempcio in Chriſto. Huic quæſtio¬

86.0 1202.0 721.0 44.0 ni anſam præcidit, cum reuelandæ gratiæ opportunitatem refert ad

86.0 1232.0 721.0 43.0 Dei conſilium. Nam ſi hyeme non miramur emarcidas arbores,

84.0 1261.0 724.0 62.0 agros niue coopertos, prata gelu rigentia: vere aucem reuireſcere.

662.0 1292.0 69.0 51.0 b 4
