1000 1466
185 8 37 57 28

439 6 237 50 I. TIMOTH.

194 57 731 39 ctionis ratio. Nam & Ioannes Baptiſta tempore Chriſtum præceſſit,

196 89 729 38 dignitate tamen longè inferior. Sed Paulus circunſtantias omnes,

197 118 728 35 quæ à Moiſe referuntur, tametſi non exprimat, voluit tamen à lecto¬

194 149 731 35 ribus expendi. Moiſes autem docet, ita poſteriore loco creatam eſſe

193 176 729 41 mulierem, vt ſit quaſi viri acceſſio: & hac lege fuiſſe viro adiunctam,

191 206 733 40 vt præſto adſit, ad exhibenda obſequia. Cum ergo non duo capita

188 235 733 41 Deus æqua poteſtate creauerit: ſed viro addiderit adiumentum infe¬

187 267 734 39 rius: meritò ad illum creationis ordinem nos Apoſtolus reuocat, in

189 298 534 36 quo relucet æterna & inuiolabilis Dei inſtitutio.

261 323 661 41 Et Adam non fuit deceptus.) Reſpicit ad pœnam mulieri

188 355 737 38 inflictam: Quia obediſti voci ſerpentis: ſub poteſtate viri eris, & ad

189 386 736 33 illum appetitus tuus. Nam quia exitiale conſilium dederat, digna

191 413 733 43 fuit, quæ ab alieno iure & arbitrio pendêre diſceret: quia virum abdu¬

196 445 728 39 xerat à Dei imperio, digna fuit quæ omni libertate priuata, ſub iugũ

197 474 726 38 redigeretur. Cæterdm non ſimplicem aut nudam tranſgreſſionis

196 501 727 42 cauſam hîc Apoſtolus obtendit: ſed pronunciata à Deo ſententia ni¬

194 534 728 38 titur. Sed videntur hæc duo nonnihil pugnare: quòd mulieris ſub

191 561 731 37 iectio pœna ſit tranſgreſſionis: & tamen illi fuerit à creatione impo¬

189 591 736 41 ſita. Nam inde ſequitur, prius addictam fuiſſe ſeruituti, quàm de¬

190 619 734 45 linqueret. Reſpondeo, nihil impedire, quominus & naturalis ab

190 650 733 42 initio fuerit conditio ſeruiendi: & deinde propter peccatum acciden¬

191 680 731 40 talis eſſe cœperit: vt iam minus liberalis ſit ſubiectio, quàm prius

192 708 727 42 fuiſſet. Cæterùm locus hic quibuſdam occaſionem præbuit, vt ne¬

193 739 730 42 garent Adam errore lapſum eſſe:ſed vxoris tantùm illecebris fuiſſe

194 768 727 41 victum. Putant igitur mulierem tantûm aſtu diaboli deceptam,

196 797 726 45 vt ſe & virum diis ſimiles fore crederet. Adæ verò nihil fuiſſe per¬

198 828 726 40 ſuaſum: ſed frustum guſtaſſe, vt morem vxori gereret. Atqui hanc

195 857 715 39 opinionem promptum eſt refellere. Niſi enini fidem habuiſſet sa¬

195 887 725 40 thanæ mendacio: non illi exprobraret Deus: Ecce Adam quaſi vnus

193 917 727 40 ex nobis. Sunt aliæ rationes quas taceo: quia non longa refutatione

195 946 725 41 indiget error, nulla probabili coniectura fultus. Paulus enim ſuis

198 974 722 40 verbis non ſignificat Adam non eadem implicitum fuiſſe Diaboli

198 1005 721 44 fallacia: ſed tantum cauſam vel originem tranſgreſſionis ab Eua

198 1036 164 43 profectam eſſe.

277 1063 646 40 Seruabitur autem.) Quia imbecillitas ſexus mulieres red¬

193 1093 728 43 dit magis ſuſpitioſas & timidas: & talis erat ſuperior ſententia, quæ

193 1125 725 38 vehementer percellere & conſternare vel maximè viriles animos

192 1154 727 40 poſſet: ideo adhibita conſolatione, temperat quod dixit. Neque enim

191 1182 726 42 nos ideo accuſat vel coarguit Spiritus Dei, vt pudore confuſis inſul¬

192 1213 730 41 tet: ſed proſtratos mox erigit. Poterat hoc, vt iam dixi, exanimare

191 1242 732 40 mulieres: eum ſibi imputari audirent totius humani generis exi¬

192 1272 731 49 tium. Qualis enim eſt hic reatus? Praſertim cum in ſubiectione

882 1303 39 45 ira
