1000 1466
321.0 17.0 169.0 38.0 CAP. II.

756 20 31 38 27

56.0 52.0 736.0 45.0 Margaritæ, & aurea monilia: non quod vetitus ſit in totum auri vel

57.0 83.0 736.0 46.0 Margaritarũ vſus, ſed quod hæc vbicũque refulgent ſecũ, ferè trahũt

59.0 115.0 737.0 41.0 alia mala quæ dixi, & ex ambitionis fõte naſcũtur aut impudiciuæ.

96.0 144.0 699.0 42.0 Quod decet mulieres.) Nam certè cultũ honeſtæ & piæ mulie

61.0 173.0 733.0 39.0 ris à meretricio differre oportet. Illæ autem ſunt diſcretionis notæ,

62.0 201.0 730.0 47.0 quas poſuit. Et ſi operibus teſtanda eſt pietas, in veſtitu etiam caſto¬

62.0 237.0 317.0 39.0 apparere hæc profeſſio debet.

150.0 257.0 638.0 54.0 Mulier in quiete diſcat, cum omni ſubiectio¬

63.0 300.0 725.0 49.0 ne. Docere autem mulieri non permitto, neque

67.0 337.0 725.0 49.0 imperioſam eſſe in virum, ſed quietam eſſe. Adam

66.0 373.0 732.0 47.0 enim creatus fuit prior, deinde Eua. Et Adam non

66.0 410.0 731.0 50.0 fuit deceptus, ſed mulier decepta, tranſgreſſionis

68.0 451.0 732.0 41.0 rea fuit. Seruabitur autem per generationem, ſi

66.0 487.0 735.0 48.0 manſerint in fide, & charitate, & ſanctificatione, cum

69.0 527.0 210.0 47.0 temperantia.

154.0 555.0 646.0 46.0 Poſtquam de veſtitu locutus eſt, nunc addit, qua ſe modeſtia

72.0 585.0 725.0 49.0 gerere in ſacro cœtu debeant mulieres. Ac primum iubet eas placi¬

70.0 617.0 727.0 46.0 dè diſcere. Nam quies ſilentium ſignificat, ne loquendi vices ſibi

71.0 647.0 725.0 45.0 vſurpent in publico. Quod ſtatim clarius exponit, dum eas vetat

70.0 675.0 727.0 45.0 docere. Non vt illis auferat munus inſtituendæ familiæ: ſed

70.0 705.0 728.0 41.0 tantùm vt à munere docendi arceat, quod ſolis viris Deus mandauit,

73.0 736.0 724.0 43.0 Qua de re tractauimus in epiſtola ad Corinthios priore. Si quis De¬

71.0 763.0 730.0 46.0 botam & ſimiles obiiciat, quas aliquando gubernando populo Dei

75.0 794.0 730.0 45.0 mandato præfectas legimus: reſponſio eſt facilis: extraordinariis Dei

75.0 826.0 731.0 38.0 factis non euerti communem politiam, cui nos voluit alligatos . Er¬

76.0 854.0 733.0 45.0 go ſi aliquando prophetandi & docendi locum tenuerunt mulieres,

73.0 883.0 736.0 46.0 ídque Dei Spiritu excitatæ: potuit hoc, qui ab omni lege immunis eſt.

74.0 913.0 732.0 43.0 Sed quia hoc ſingulare eſt, non pugnat cum perpetua & vſitata poli¬

74.0 942.0 734.0 46.0 tia. Addit quod proximum eſt officio docendi: ne ſibi authoritatem

74.0 973.0 736.0 40.0 ſumant in viros. Nam iſta eſt ratio,eur docere prohibeantur: quia

74.0 1001.0 737.0 48.0 hoc non patitur earum conditio. Subiectæ enim ſunt docere autem

75.0 1032.0 735.0 46.0 eſt poteſtatis, vel ſuperioris gradus. Quanquam videtur ratio non

74.0 1062.0 735.0 44.0 ſatis firma:cum Prophetæ quoque & doctores regibus ſint ſubiecti,

74.0 1089.0 731.0 47.0 aliíſque magiſtratibus. Reſpondeo, nihil eſſe abſurdi, quin præſit ali¬

75.0 1120.0 730.0 42.0 quis, & ſimul pareat, ſecundùm diuerſos repectus. Sed in muliere

75.0 1150.0 729.0 47.0 id non valet, quæ natura, hoc eſt, ordinaria Dei lege, ad parendum na¬

79.0 1181.0 722.0 43.0 ta eſt. Nam γυναικοκρατιαν omnes prudentes ſemper inſtar por¬

79.0 1210.0 726.0 40.0 tenti repudiarunt. Quare, cœlum quodammodo terræ miſcebitur, ſi

78.0 1240.0 726.0 42.0 docendi ius arripiant mulieres. Iubet ergo eas quieſcere, hoc eſt,ſe

79.0 1272.0 359.0 38.0 continere intra ſuum ordinem.

160.0 1296.0 644.0 51.0 Adam enim creatus.) Videtur hæc parum valida eſſe ſubie¬

819 1303 13 52 
