1000 1563
737.0 134.0 45.0 47.0 485

257.0 143.0 313.0 23.0 AD TIMOTH. CAP. II.

46.0 156.0 715.0 42.0 Chriſtum eſſe unicum mediatorem, quem pater cœleſtis ſtatuit inter ſe & nos,ut

47.0 185.0 708.0 38.0 cum eſſemus peccatores, & à deo proiecti & inimici, per Chriſtũ reconciliemur.

46.0 211.0 712.0 37.0 Hic omnes homines peccatores eſſe, & reconciliatione egere ad deum, manifeſte

45.0 234.0 713.0 37.0 docetur, qui ut aduerſarij & hoſtes, deum offenſum ſibi patiũtur, & abiectos eſſe

45.0 258.0 712.0 38.0 damnatos́ ex primi hominis tranſgreſſione ſignificãtur, ſola Chriſti gratia con¬

45.0 283.0 712.0 34.0 ciliandos: & non id ſolum, ſed & filiationis & hæreditatis ius accepiſſe per Chri¬

44.0 307.0 711.0 36.0 ſti myſterium, & in Chriſto omnia bona, ut noſtra ſint, quæ ſunt fratris noſtri.

47.0 334.0 712.0 34.0 Vnus autem, non multi mediatores uel conciliatores docentur: unus enim Chri¬

44.0 359.0 713.0 33.0 ſtus, unus ſaluator. Non ergo præter eum interponendi ſunt alij, quantumlibet

43.0 380.0 713.0 38.0 ſancti & pij homines, omnes enim peccatores ſunt, & gratia dei indigent. Solus

42.0 403.0 713.0 37.0 Chriſtus ſuapte innocentia, dignitate & meritis proprie dictis, non ex gratia, nos

44.0 428.0 711.0 38.0 peccatores conciliat patri, pro officio ſuo quod à patre accepit. Omnia deni pa¬

41.0 453.0 713.0 35.0 ter dedit in manus filio unigenito, ad illum nobis currendum, quoties quomodo

41.0 476.0 714.0 38.0 cun urgemur, qui fons eſt pietatis, & fideliſſimus frater, qui ſeſe pro nobis totũ

40.0 500.0 714.0 37.0 obtulit, in acerbiſſimam ſimul & probroſiſſimam mortem crucis, non niſi ex ma¬

40.0 524.0 714.0 37.0 xima charitate & fide ad genus humanum. Non eſt ergo ut eum ueluti moroſum

40.0 549.0 714.0 36.0 nobis promereamur, ſanctorum aliorum quorumcun interceſſionibus, beni¬

41.0 573.0 713.0 36.0 gnior nobis eſt,  omnes ſancti eſſe poſſint, quantũlibet charitate fulgentes. So¬

40.0 597.0 711.0 37.0 lus pro nobis mortuus eſt, & nos toties inuitat, pulſat, expectat, hortatur, allicit,

39.0 621.0 713.0 36.0 rogat, & cogit aliquando. Venite, ait, ad me omnes &c. Venite edite abſ argen¬

39.0 646.0 714.0 34.0 to &c. Audit nos ſemper per ſuam ſibi ſoli propriam omniſcientiam, adeſt per im¬

39.0 668.0 713.0 38.0 menſitatem, qua patri conſubſtantialis eſt: intendit ſingulis perfectiſſima charita¬

39.0 693.0 714.0 37.0 te, quandoquidem ſui ſunt omnes: non diſtrahitur multitudine curandorum uel

39.0 718.0 711.0 37.0 ſaluandorum, omnia noſtra nouit melius  noſipſi, quibus egeamus conſiderat,

39.0 742.0 712.0 36.0 nobis dormientibus. Præcepit ſerioſe, ut in ſolo ſuo nomine precaremur patrem.

38.0 766.0 715.0 34.0 Honorem hunc glorioſiſſimum ſuum alteri prorſus nulli cedere poteſt: nec pati¬

38.0 791.0 715.0 36.0 tur communem ab alijs uſurpari unigenitus filius. Homo, inquit, Chriſtus Ie¬

38.0 815.0 712.0 36.0 ſus.) Mirum quomodo dubitauerũt hominem non fuiſſe quidam hæreticorum,

38.0 839.0 712.0 36.0 qui ſacras literas non negãt, & hanc epiſtolam, qui hic ſimpliciter homo dicitur.

38.0 863.0 712.0 34.0 Caro enim & frater noſter eſt, tentatus per omnia, abſ peccato, & pro nobis ho¬

37.0 888.0 714.0 35.0 minum nouiſſimus ſeſe exhibuit, ac uermem nominauit, ut hominem perditum

36.0 912.0 715.0 36.0 redimeret. Et primogenitus quo dicitur ex multis fratribus, ut chirographum

37.0 936.0 713.0 36.0 peccati deleret per crucem, uere pro nobis mortuus eſt, ut́ homo eſſet, qui pro

37.0 960.0 712.0 35.0 humano ſatisfaceret genere. Chriſtus Ieſus, unctione ſua conſecrans omnes gen¬

36.0 984.0 712.0 36.0 tes, & Chriſtianos faciens ſua gratia, & ſpiritus ſui unctione: paſſione quo ſua

35.0 1009.0 713.0 35.0 ſaluans gentiles & Iudæos, faciens utra unum. Qui dedit ſemetipſum redem¬

37.0 1034.0 711.0 34.0 ptionem.) Obtulit ſeipſum in remiſſionem omnium peccatorum, ſacrificium ſe¬

36.0 1058.0 713.0 36.0 ipſum perfectum & maximum, omnium quo præcedentium ſacrificiorum fi¬

35.0 1082.0 713.0 33.0 nem & ſcopum, pro́ nobis captiuis commutationem ſufficientiſſimam. Non ra¬

36.0 1106.0 712.0 33.0 ptus eſt ad iudiciũ mortis inuitus, ſed ſua ſponte obediuit, & ſeipſum obtulit pre¬

35.0 1134.0 713.0 32.0 tium deo patri, pro ſalute humani generis, & reconciliatione perfecta. Cum eſſe¬

35.0 1157.0 713.0 30.0 mus inimici, & tales inimici, ut etiã eum nos ipſum crucifixerimus, homines ſci¬

34.0 1180.0 714.0 32.0 licet, pro quibus ſe pretiũ & ſatisfactionem mediator obtulit. Nec dicamus, non

35.0 1203.0 713.0 36.0 eſſe nos poſteros Iudæorum, qui hodie quo in glorificatum dominum noſtrum

35.0 1229.0 712.0 33.0 & regem ſimile facinus non refugeremus, ſimili occaſione permoti, qua Iudæo¬

34.0 1253.0 713.0 32.0 rum primores, quibus meliores inter nos non ita multos inuenire licebit, quin &

35.0 1276.0 712.0 35.0 acerbius ipſum iterum noſtris uitijs crucifigimus. Pro omnibus.) Expoſuit ac

34.0 1304.0 712.0 40.0 tradidit ſe in mortẽ pro omibus, nemo niſi nolens ſaluari, relinquitur. Sufficiens

635.0 1329.0 13.0 55.0 S

658.0 1332.0 25.0 42.0 2
