1000 1558
733.0 122.0 45.0 51.0 487

258 128 295 32 AD TIMOTH. CAP. II.

40.0 148.0 719.0 45.0 uinis, audita meditari & ruminare, ut deinde liberis ea domi recenſeant ac incul¬

38.0 177.0 719.0 40.0 cent, ne quid aduerſi uerbo dei admitti ſinant in pueris, nec exemplis proprijs in

38.0 201.0 716.0 43.0 citent ad irreligioſa uerba uel opera, id́ à tenera ætate & primis annis, nondum

37.0 224.0 717.0 43.0 deprauatis animis. Orationes breues, ſed feruidas dicant ex conſideratione ne¬

37.0 248.0 716.0 43.0 ceſſitatum profuſas, & ex animo humiliato: non multas, nec toties repetitas pro

37.0 273.0 715.0 42.0 more & præfixo numero. Non enim quantitatem precum iuxta numerũ & tem¬

36.0 296.0 716.0 45.0 pus, ſed qualitatem deus exigit & deuotionem. Offerãt monetam probatam cha¬

36.0 322.0 716.0 43.0 ritate, non loquacitate: domi orent, familiæ proſpiciant, marito obſequantur, &

36.0 346.0 714.0 40.0 auxilientur in cura familiæ. Caueãt ab aſpectu inuerecũdo & uago. Lumen non

35.0 369.0 715.0 39.0 lapidibus uel mortuis accendant, ſed operi neceſſario, utili ac tenebris. Fides ſine

35.0 394.0 714.0 43.0 aquarum aſperſione ſuffecerit. Pro omnibus iſtiuſmodi exercitijs arripiant bona

35.0 418.0 710.0 44.0 opera. Hæc autem ſunt, ut miniſtrẽt liberis, marito, familiæ, uicinis, pauperibus,

33.0 443.0 716.0 40.0 prægnantibus, parientibus, puerperis, infirmis, domui incumbant ornandæ, la¬

34.0 470.0 715.0 35.0 uandæ, purgandæ, proſpiciendæ die noctu, iuxta Salomonis canticum. Om¬

31 489 713 44 nia autem hæcin fide peragant, perſuaſæ certo talia deo placere, eſſe ipſiſſimæ

33.0 518.0 716.0 38.0 pietatis officia, & opera à deo impoſita, obediẽtiæq́ ſanctę merita, & fructus opti¬

34.0 540.0 712.0 42.0 mi. Si quando uacat, maxime aũt ferijs, lectioni incumbãt, pueros ididẽ doceãt,

32.0 571.0 714.0 35.0 moneant, corrigant, & à malo exẽplo in uerbis & operibus ſolicite ſibi tẽperent.

64 603 673 39 mulier in ſilentio diſcat cum omni ſubiectione. Docere autem mulie¬

35 619 590 49 ri non permitto, ne dominari in uirum, ſed eſſe in ſilentio.

67.0 653.0 682.0 43.0 Viris quidem permittitur, imò iniungitur ut in cœtu, quæ de auditis non in¬

32.0 682.0 716.0 42.0 telligunt, inquirant à ſenioribus & presbyteris in eccleſia docentibus: & ſi quid

31.0 704.0 717.0 41.0 eis ſedentibus ſpiritus reuelat, loquantur cum modeſtia & ſine diſceptatione, ad

31.0 730.0 717.0 42.0 profectũ eccleſiæ. Non prohibetur à uerbo ueritatis proponendo uir qualiſcun

31.0 753.0 716.0 44.0 ſcripturas quacun in lingua, ſanè intelligens. Voluit em̃ Paulus, ut paſſim qui¬

30.0 778.0 717.0 41.0 ni aut ſeni pariter prophetarent, etiam intra eccleſiam. Cantica autem & organa

31.0 801.0 716.0 42.0 pſallentium́ clamores, ac tumultus inconditos, & ſtudium aſſiduum canendi

31.0 826.0 712.0 40.0 non docuit. In cordibus pſallere, & ſpiritualibus hymnis domino laudes dicere,

32.0 850.0 715.0 41.0 & canere mente, non tantum ſpiritu, hoc eſt ſono, Chriſtianos omnes docet. Mu¬

31.0 875.0 715.0 37.0 lieres uero in eccleſia ſileant, domi uiros interrogent, ſi quid diſcendum fuerit, &

30.0 898.0 717.0 41.0 in ſilentio:ne ſenſu ſuo abundare contingat, & litigare incipiant, uerbis & ſenſu

30.0 924.0 716.0 38.0 proprio ſibi cõplacentes. Docere mulieres non permitto, Paulus inquit: non ego

31.0 946.0 715.0 42.0 auſim huic ſententiæ uerbo́ adijcere, in cœtu uirorum, eatenus ut liceat fœmi¬

31.0 970.0 712.0 40.0 nis docere in eccleſia fœminarum: ſenſu enim infirmæ ſunt, & non ſatis ſtabiles.

31.0 996.0 714.0 38.0 Sed uiros presbyteros ſenes annis & moribus habeant agmina fœminarũ, à qui¬

31.0 1021.0 716.0 41.0 bus publice huiuſmodi congregatio inſtruatur. Nemo uero negauerit, aliquot

31.0 1046.0 715.0 38.0 nonnunquam fœminas conferre poſſe laudabiliter & debere quo de auditis ac

31.0 1067.0 716.0 40.0 prælectis. Et legere ſacra ſcripta piorum doctorum etiam poterunt in cœtu fœmi¬

31.0 1095.0 715.0 38.0 narum, ſic tamen ut intelligant, & non ignota in lingua. Verum ſine intellectu

31.0 1120.0 716.0 33.0 orare, legere, canere, pſallere, opus eſt ſine omni fructu ac laude, maxima & per¬

31.0 1142.0 716.0 39.0 nicioſa temporis perditio, & operum uel piorum uel aliâs utilium grauis iactu¬

30.0 1167.0 715.0 36.0 ra, qualia introduxit in eccleſiam ſola pigritia ignorantia́ & ſuperſtitio mona¬

30.0 1191.0 716.0 36.0 chorũ, Olim & in Italia & in Germania quo, uel teſte Hieronymo, doctæ erant

30.0 1213.0 715.0 40.0 ſanctimoniales, quibus lectiones & cantica Latina lingua ſeruire poterant, & de¬

31.0 1239.0 713.0 39.0 uotioni conferre. Hodie in Germania & Gallia nihil intelligunt eorum quæ ia¬

30.0 1261.0 716.0 37.0 ctant, uel ſine iudicio aliquantulum ſuſpicantur: quas non tam obedientia, quam

31.0 1283.0 714.0 55.0 hominibus & ſtultis monachis promittũt, excuſas,  demẽtia culpar. Quid enim

610 1323 23 38 S

660.0 1323.0 23.0 34.0 4

749 604 13 36 8
