1000 1550
246 134 314 32 AD TIMOTH. CAP. II.

727 128 46 52 489

42.0 149.0 715.0 49.0 perata, ſuperbia & auaritia, gula & luxuria decepta eſt, & uiro inſuper inſidia¬

42.0 182.0 712.0 41.0 ta, blanditijs & inſtantia uicit, & in prȩuaricationem traxit, ut pariter cum ea cœ¬

41.0 209.0 713.0 36.0 perit dubitare, ſi uere hæc prædixeric uxor, ſcilicet imminere mortem, quam poſt

42.0 229.0 710.0 42.0 guſtum uideret ſuperſtitem ac uiuentem, ut & ipſe peccaret. Cui ſemel ſeductrix

41.0 256.0 711.0 40.0 facta, poſthac directricis & doctoris munus ac officiũ pręſumere & pręſtare nun

40.0 279.0 708.0 39.0 quam par fuerit. Semel tam pernicioſæ ſuaſioni conſentiens Adam & ſeductus,

40.0 303.0 711.0 36.0 meritoſuſpectam habuit omnem mulieris imormanenem et igemuim; ex ipſa

39.0 328.0 714.0 38.0 experimento ſumpto fragilitatis & inſipientiæ, cum perfecta eſſet, nunc bis miſe¬

38.0 350.0 711.0 41.0 ra & ſui admonita, præſumere doctrinam non audeat ſolidę uernalis & ſapiẽtiæ.

71 381 671 38 Saluabitur autem per filiorum generationem, ſi permanſerit in fide

39.0 402.0 468.0 38.0 & dilectione, & ſanctificatione, cum ſobrietate.

69.0 429.0 682.0 41.0 Subdita quidem mulier ſit uiro, & ſe humiliter gerere ſtudeat inter uiros ac

39.0 455.0 710.0 39.0 pudice, in eccleſia quo nihil præſumat, agnoſcens mentis imbecillitatem & in¬

39.0 480.0 710.0 40.0 conſtantiam, ut ſibi docendi munus in eccleſia non arroget. Verum neutiquam

37.0 504.0 711.0 40.0 ob id contemnenda eſt uiro, quam per fillorum & liberorum generationem bea¬

37.0 527.0 711.0 40.0 tam fecit dei munificẽtia, & inſigni munere illuſtrauit. Quid enim admirabilius

38.0 554.0 709.0 37.0 generatur in rerumnatura, ubi omnia tam ſunt miraculoſa,  in utero ſœminæ:

37.0 576.0 711.0 37.0 non tantum humanum corpus, ſed & anima immortalis & rationalis creando in

37.0 598.0 713.0 40.0 funditur, & infundendo creatur ?Cuius generationis, nutritionis, educationis pa¬

37.0 626.0 712.0 35.0 riter & inſtructionis officium dominus in matrem contulit & mulierem, incuna¬

36.0 648.0 713.0 39.0 bula tradendæ pietatis & profectus matribus commiſit circa prolem:ut ſicut la¬

37.0 672.0 711.0 39.0 cte paſcunt corpuſculum, ſic ſolido cibo nutriãtur à uiris: in fide ac ſacris dogma

37.0 694.0 711.0 38.0 tibus uiros fœminæ perfectos audiant ac ſequantur. Curet igitur liberorum ma¬

37.0 722.0 713.0 37.0 ter, ut in ea quam à teneris unguiculis à ſe fidem & dilectionem deſ imbiberunt fi¬

37.0 745.0 711.0 40.0 lij, in eis permaneant, iugiter inculcando fidem & timorem dei, ut ſancti ſint mo¬

37.0 772.0 712.0 37.0 ribus, ab omni criminum contagione perpetuo ſibi caueant. Carni & ſanguini

37.0 793.0 711.0 38.0 non indulgeant, dei mandata quibus eos mater edocuit, ſemper memoriter cogi¬

37.0 817.0 712.0 37.0 tantes, ut ſancti ſint & permaneant corpore & ſpiritu. Sobrietatem in primis ſoli

36.0 842.0 710.0 38.0 cite curent, ut cibo, potu, ſomno, otio, luſibus, indulgentia, ſodalitate, non nimis

36.0 865.0 711.0 35.0 nec periculoſe imcũbant. Potius autem matres ſtudeant liberis perſuadere, quos

36.0 891.0 709.0 38.0 domino genuerunt & proximis, fidem, dilectionem, ſanctimoniam, pudicitiam,

36.0 913.0 710.0 38.0 ſobrietatẽ in uerbis et moribus. Ad hoc neceſſarius eſt fœminis matribus rerum

36.0 938.0 711.0 37.0 illarum uſus & ſtudium, ut puellæ didicerint quod matres docere poſſint: perni¬

36.0 958.0 709.0 41.0 cioſiſſima ita negligẽtia eſt, ſi uirgines inſolentius educentur, ſi ſine timore dei,

36.0 984.0 709.0 36.0 uerecundia, modeſtia, pudicitia, ſobrietate & religione ſuccreſcãnt. Quomodo

36.0 1008.0 710.0 38.0 enim docebũt, quod nunquam didicerunt ? Quid ſperandum de uxoribus, quæ

36.0 1030.0 709.0 48.0 inſolentia puellari deprauatæ ſunt, ut neſciant quid ſit uerecundia uel honeſtas?

310 1062 174 40 CAPVT III.

46 1087 62 97 F

131 1078 126 39 Idelis ſermo.

146.0 1105.0 601.0 48.0 Quæ tibi dilecto filio meo ad populum in eccleſia docendum ſcribo¬

126 1139 620 37 ut Chriſti apoſtolus, & tibi in eodẽ pater filio meo ſcribo, certiſſima ha¬

127 1159 618 40 beas: & ea quæ tam nunc tibi dixi de uiris & mulieribus, q̃ nũc ſcriben¬

37.0 1184.0 711.0 40.0 da cogito, ſcias à domino reuelata at fidelia. Chriſti domini doctrinam eſſe, qui

36.0 1207.0 711.0 41.0 in me loquitur, non hominum uerba, id eſt mendacia. Nihil ex me loqui in eccle¬

37.0 1233.0 710.0 42.0 ſia audeo, non opiniones ac fabulas comminiſcor, fidelis eſt omnis dei ſermo &

37.0 1257.0 562.0 34.0 efficax, quem mihi diſſeminandum credidit in orbem fidelibus.

70 1278 539 56 Si quis epiſcopatum deſiderat, bonum opus deſiderat.

745.0 1283.0 15.0 55.0 2

750 355 26 63 l0

742 1108 16 26 1
