1000 1547
454 127 296 31 COMMENT. IN I. EPIST.

226.0 135.0 49.0 36.0 488

241.0 147.0 719.0 42.0 inutilius inſtitui poterat? quid ſtultius excogitari, quàm ut tantundem temporis

243.0 178.0 718.0 32.0 die noctu expendant infeliciſſimæ muliereulæ in recitationibus, imò laborio¬

243.0 207.0 717.0 31.0 ſis cantibus uerborum, nihil prorſus illis ſignificantium? Reliquum autem tem¬

243.0 228.0 718.0 34.0 poris ab huiuſmodi tam moleſta operis fatigatione, otio & remiſſione reſolui &

244.0 251.0 717.0 35.0 deperdi, ut omne earum tempus longe ſit illis infructuoſius, ̃ ſomnium iners: in¬

244.0 276.0 717.0 33.0 terim tamen ſibi de cultu diuino uehementer complacent, iactant merita glorio¬

243.0 299.0 718.0 35.0 ſa, quæ & datis literis & ſigillis uenditant benefactoribus: nec ſe patiuntur ali¬

244.0 324.0 715.0 32.0 quatenus ab huiuſmodi inſtitutis diuelli. Loquimur nunc de eis monialibus, quę

244.0 348.0 716.0 33.0 optimæ habentur & religioſiores, miſere deceptis à ſtultis monachis. Qui curæ

245.0 372.0 715.0 31.0 ſuæ demandatas mulierculas, fidelius regere, & ſecundum canonicas ſcripturas

244.0 397.0 716.0 31.0 docere, de domini dei ſui certiſſima uolũtate, & de mandatorum illius obſeruan¬

245.0 420.0 715.0 33.0 tia, qua domino ſeruuli ſeruire deberent ac poſſent. Quis enim domini ſui ſerui¬

245.0 447.0 715.0 29.0 tium ſeruus iactare poteſt, dum obmiſſis eis negotijs quæ dominus proſequenda

245.0 470.0 716.0 29.0 ſerio iniunxit, illis potius incumbit quæ minime iuſſit, & ſuapte natura charitati

245.0 493.0 715.0 32.0 non proſunt, quæ eſt finis legis. De eis monialibus, quæ ſine diſciplina uiuunt ge¬

245.0 516.0 713.0 33.0 nio, miror quid mundus cogitet quantumlibet malus, & quid cogitent parentes,

244.0 544.0 717.0 27.0 dum filias ſic proſtituunt miſerrime, id́ titulo diuini cultus, ubi tantũ carni ſer¬

245.0 568.0 715.0 28.0 uitur, & ſtolidis monachis confeſſoribus. Hæc & ſimilia maiore querela opus ha¬

244.0 591.0 715.0 29.0 bent, quàm ego ualeam cõſequi uerbis quibuſcun. Nec dominari in uirum.)

245.0 614.0 715.0 30.0 Id enim fœdum marito eſt & ridiculum, ac fomentum ſuperbiæ uxoribus, uiri́

245.0 640.0 715.0 28.0 contemptus. Monere quidem maritũ poteſt & debet, rogare, blandiri, & uincere

246.0 662.0 715.0 32.0 malũ in bono: interim tamen eſſe in ſilentio, parce loqui & breuiter, cũ reuerẽtia

245.0 685.0 715.0 32.0 ac timore: illico à uiro monita tacere, taceat: irato marito non reſpondeat, tempus

247 709 714 32 captet opportunius: ſemel non crebrorepetat quæ dicenda uiderit. Lingua mu¬

245.0 734.0 716.0 31.0 lieribus tanto diligentius moderanda eſt, quanto natura propenſiores ſunt ad ca¬

246 756 704 34 uilla & multiloquium. Nec circũcurſari eas delectet per alienas ædes, non com

246 780 715 34 morari in plateis, non foris plurimos ac in triuijs miſcere ſermones, domi agant

245.0 808.0 187.0 29.0 potius cum ſilentio.

277.0 828.0 683.0 44.0 Adam enim primus formatus eſt, deinde Eua: & Adam non eſt ſedu

245.0 863.0 496.0 36.0 ctus, mulier autem ſeducta in præuaricatione fuit.

276.0 894.0 684.0 39.0 Ne quopacto ſuperbiendi anſam mulier ſibi uendicet dominandi uiro, ad¬

243.0 927.0 717.0 31.0 monet Apoſtolus ut meminerint ſuæ originis, quam à uiro ſumpta accepit: qui

245.0 951.0 714.0 28.0 primo conditus à deo, natura quo perfectior, abſolutior, ſapientia clarior, & ad

245.0 975.0 713.0 28.0 ſeductiones intentatas cautior at fortior erat. Quo ſopore merſo, ex coſta illius

245.0 996.0 713.0 33.0 Eua diuina uirtute formata eſt:ut unum corpus de uno corpore, & os ex oſſibus

244.0 1022.0 714.0 31.0 prodiens, amoris uinculo arctius aſtringerentur. Adam quidem prior uirtute &

245.0 1046.0 713.0 32.0 tempore, Eua poſterior utro:ideo duci ea, inſtrui, parere & ſequi debet, agno.

245.0 1069.0 713.0 31.0 ſcere́ ſe dei ordinatione ſubiectam. Adam non fuit deceptus, non eum ſerpens

245.0 1094.0 712.0 30.0 aggredi primum audebat, qui eum fortaſſis minime decepiſſet ſapientiorem fœ¬

245.0 1116.0 713.0 32.0 mina: non fefelliſſet tam impudenti mendacio, non ambiuiſſet excellentiam, non

244.0 1142.0 714.0 30.0 colloquium tam friuolum tuliſſet, niſi in gratiam mulieris conſortis, amicæ. Cui

244.0 1167.0 713.0 33.0 cum hæc placere uideret Adam, delicias ſuas contriſtare non poterat, ſed acquie

244.0 1188.0 713.0 34.0 uit, roganti mulieri attendens, oblitus præcepti uel negligens. Mulier autem ſe¬

245.0 1213.0 712.0 34.0 ducta mendacijs, inuidia, dolo, blaſphemia diaboli, permiſſione ac diſpenſatione

245.0 1238.0 712.0 33.0 diuina, nedum iuſta, ſed iuſtitiæ originem nacta, qua proficere homo debuiſſet

245.0 1259.0 712.0 35.0 & progredi gratia dei præſente, accepto́ præcepto, retroceſſit ipſa Eua, tranſ¬

245.0 1285.0 712.0 47.0 greſſa mandatum, & uerbis dei non credens, ſed infidelitatis primum peceato ſu

883.0 1318.0 70.0 36.0 perata,

233 841 18 36 9
