1000 1555
211.0 145.0 57.0 36.0 484

456 136 307 32 COMMENT. IN I. EPIST

237.0 152.0 718.0 48.0 fuit, & ſatisfecit deo patri pro omibus, nihil obmiſit de ſuo, quo minus omnes re¬

238.0 184.0 718.0 41.0 dimi potuerint, & hodie poſſint. Excuſatio nulla nobis relinquitur, qui plane ſci¬

237.0 209.0 719.0 35.0 mus quid uel facere, uel deſiderare, uel quæ obmiſſa dolere, uel non indolentiam

239.0 237.0 717.0 35.0 deprecari, & humiliter agnoſcere debeamus, pro́ fide huiuſmodi & charitate

239.0 259.0 717.0 35.0 deum orare. Quis hæc non ſe poſſe niſi contumax uere fatebitur ? Ad hanc uerita

240.0 282.0 715.0 35.0 tis agnitionem, ſi quis illuminante deo peruenerit, ut agnoſcat ac credat certa fi¬

240.0 307.0 716.0 35.0 de, unum ſuum deum, & conciliatorem unicum, & ſibi deuotiſſimum dominum

239.0 332.0 717.0 38.0 Ieſum Chriſtũ, quod́ ſeipſum dederit ex maxima gratia redemptionis pretium

241.0 355.0 715.0 38.0 pro omnibus credentibus, ſine dubio ſaluus erit, perfectus fidelis habebitur, &

240.0 379.0 717.0 37.0 Chriſtianus corã deo & Chriſto ſuo. Quæ illi fides reputabitur ad iuſtitiam, ſicut

240.0 406.0 716.0 35.0 Abrahæ. Hanc breuiſſimam ſummam totius noui teſtamenti & euangelicæ do¬

241.0 428.0 714.0 37.0 ctrinæ, dum olim apoſtoli prædicarent facile orbis attrahi ad credẽdum poterat,

241.0 455.0 715.0 33.0 idolis́ abiectis, Chriſtiana religione imbui. Cum nondum tam incredibilia ob¬

241.0 476.0 714.0 34.0 truderentur multa, qualia interim præter ſacram ſcripturam fidelibus, de plus ̃

241.0 502.0 715.0 35.0 bis duodecim articulis neotericæ fidei imponuntur neceſſario credenda, de Pa¬

242.0 526.0 714.0 36.0 patu multa, de indulgentijs, purgatorio, diuis, & diuorum interceſſionibus, mi¬

242.0 552.0 713.0 36.0 raculis, delectu ciborum, excommunicationibus, confeſſionibus, caſibus epiſco¬

242.0 575.0 713.0 36.0 palibus, uotis, peregrinationibus, Concilijs, ſacramentis, impedimentis, Miſſis,

242.0 600.0 715.0 35.0 horis canonicis, ceremonijs, feſtis, ordinibus, imaginibus, monaſticis regulis, di¬

242.0 623.0 715.0 37.0 ſpenſationibus, fraternitatibus, cõſecrationibus. Et quis ea numerare poſſit, qui¬

242.0 647.0 713.0 37.0 bus hodie grauantur conſcientiæ piorum, & impiorum conuerſio non iuuatur?

242.0 670.0 714.0 34.0 Quorum nihil cõtinetur in Symbolo apoſtolorum uel canonicis ſcripturis, imò

245 694 710 40 nec priſcis ſacroſanctis ſanctorum patrum concilijs: de quibus multa ſcribi poſ¬

244.0 721.0 714.0 34.0 ſent, ſed ſufficiunt quæ nunc paſſim leguntur. Nobis abunde iamdudum ſuffe¬

245.0 745.0 712.0 35.0 cit ueriſſimum diui Hieronymi dictum, Quicquid (credendorum & neceſſario

246 767 709 40 agendorum) de ſacris ſcripturis non producitur, eadem facilitate contemnitur

245.0 799.0 135.0 29.0 qua probatur.

276.0 811.0 682.0 40.0 Cuius teſtimonium temporibus ſuis confirmatum eſt, in quo poſitus

247 842 710 50 ſum ego prædicator & apoſtolus. Veritatem dico, non mentior, doctor

245.0 874.0 275.0 46.0 gentium in fide & ueritate.

276.0 907.0 683.0 35.0 Ad hoc Chriſtus ueniens ſeſe patri pro nobis obtulit, ut ſuo illo tempore toti

245.0 937.0 713.0 33.0 mundo teſtaretur diuinæ charitatis erga genus humanum beneficium, dudum

246.0 960.0 712.0 35.0 promiſſum patriarchis ac prophetis, in redemptionem omnium hominũ, ut cre¬

246.0 984.0 711.0 31.0 dentes per eum ſaluẽtur. Noluit enim occultum eſſe, quod ſacrificiorum figuris

246.0 1009.0 710.0 31.0 & propheticis promiſſionibus in ueteri teſtamento uoluireſſe tam multis teſtatũ.

246.0 1034.0 712.0 30.0 Quin & ego Paulus ad hoc noſtræ redẽptionis euangeliũ prædicandum aſſum¬

246.0 1057.0 712.0 34.0 ptus ſum ab eodem Chriſto dño, ſegregatus ac electus poſt alios, ut toto orbe gen¬

247.0 1081.0 711.0 29.0 tibus hoc prædicem, & hanc dei tantam gratiam adnunciem. Nuncius miſſus à

246.0 1107.0 712.0 29.0 Chriſto & apoſtolus, quanquã cum Chriſto non uixerim, ex miſericordia tamen

247.0 1129.0 710.0 32.0 ſua me conuertit, ex perſecutore & blaſphemo in apoſtolũ ac ueritatis doctorem

247.0 1155.0 710.0 34.0 ad omnes gentes. Veritatem dico, non mentior.) Modeſtiſſime iurat, quod no¬

247.0 1179.0 708.0 30.0 torium eſſet, & negari non poterat. Celebris, inquit, fama iactatur inſaniæ meæ,

247.0 1201.0 711.0 34.0 cum ſpirans minarum & cædis in diſcipulos, ſubito in multorum comitatu è cœ¬

247.0 1225.0 711.0 36.0 lo uocatus ſum, & à Chriſto conuerſus. Deinde cum Barnaba à ſpiritu ſancto ſe¬

248.0 1250.0 710.0 36.0 gregatus in gentes, atteſtatione non modica miraculorum, profectu prædicatio¬

246.0 1275.0 712.0 30.0 nis maximo, à Iudæa incipiens per Aſiam, uſ ad Illyricum omnia repleui euan¬

247.0 1297.0 710.0 43.0 gelio Chriſti. Nõ poteſt eſſe dubia apoſtolatus mei uocatio, & quod me Chriſtus

871.0 1329.0 86.0 38.0 gentium

238 835 8 68 5
