1200 1893
344 126 720 60 ANNOT. IOANNIS POMERANI

311 186 792 72 qd’orẽt ꝓ te, ſcripturã & uerbu dei nõ habes. Quan¬

311.0 232.0 786.0 71.0 do quidẽ ſcriptura Chriſtũ tibi cõmendat põtificẽ qui

317.0 279.0 774.0 79.0 ingreſſus eſt in cœlũ, ut illic ſe offerat uultui patris ꝓ

309 329 780 76 nobis, ut digniſſime tractat epiſtola ad Heb. Qui in¬

312.0 383.0 789.0 72.0 terpellat pronobis, Rho.8. Quẽ aduocatũ habemus

313.0 435.0 784.0 72.0 apud patrẽ, qui eſt propiciatio pro peccatis noſtris,

315 476 785 87 I. Ioan.2. Et propiciatorium noſtrum, ad Rho.3. Et

314.0 535.0 790.0 68.0 thronus gratiæ, ad Heb.4. Et præterea ſolum deum

315.0 585.0 792.0 69.0 inuocandum eſſe tota ſcriptura & præcipit, & teſta¬

316.0 632.0 780.0 70.0 tur, nec aliud exẽplum inſcripturis habes. Cur ergo

315.0 682.0 789.0 69.0 ad illa deflectis quæ neſcis, relicto illo quod certum ti¬

314.0 734.0 783.0 66.0 bi offertur? In iniuriam certe Chriſti alios in cœlo po¬

316.0 784.0 790.0 67.0 ſuerunt mediatores. Et Paulus aperte dicit, vnus de¬

317.0 837.0 282.0 55.0 us unus mediator.

348 886 757 81 Vt eſſet testimoniũ tẽporibus ſuis.

346.0 947.0 762.0 69.0 Id eſt, ut hoc myſterium redemptiomis Chriſti, qua

311 992 792 85 redimuntur omnes homines: id eſt non ſolũ Iudei, ſed

312 1044 791 85 etiam gentes, reuelaretur mũdo, tempore à deo ordi¬

311 1090 791 94 nato: ſicut de hoc myſterio reuelando in epiſtola ad

313.0 1145.0 793.0 75.0 Ephe. & alibi ſcribit, & hic infra cap.3. Ad quod my¬

315 1191 785 91 ſterium reuelandum dicit Paulus ſe doctorẽ miſſum à

314.0 1245.0 792.0 82.0 deo gẽtibus. Doctorẽ inquam in fide, nõ doctrinis le¬

317.0 1301.0 786.0 70.0 gis, & ueritate, nõ hypocriſi operũ. Veritas eſt fides,

315.0 1349.0 793.0 69.0 ubi creditur non hominũ doctrinis (omnis enim homo

316.0 1400.0 767.0 77.0 mendax) ſed ſoli uerbo dei: qui eſt ipſa ueritas, &c.

540 1453 387 84 Volo uiros orare.

936.0 1530.0 181.0 82.0 Proſequitur
