1128 1876
373 100 588 70 D. PAVLI AD EPHESIOS

288 187 792 57 Adhortor igitur uos ego uinctus Domino,

255 224 830 65 ut digne ambuletis uocatione, qua uocati

253 267 826 74 eſtis, cũ omni ſubmiſſione & manſuetudine,

251 319 830 70 cũ longanimitate, tolerãtes uos inuicem per

248 367 832 71 dilectionem, ſtudentes ſeruare unitatem ſpi¬

250 415 368 62 ritus, uinculo pacis.

303 496 777 39 Vnum corpus entis, uno ipiritu uiuitis, quẽ

247 512 830 74 admodũ una ſpes eſt uocationis ueſtræ, qua

244 563 832 71 uocati eſtis. Vnus dominus, una fides, unum

242 610 831 71 baptiſma, unus Deus & pater omnium, qui

242 659 833 74 omnibus præſidet, per omnia uirtutem ſu¬

241 710 625 63 am exerit, in omnibus uobis agit.

301 767 756 60 Vnicuiq uero uestrũ contigit beneuolen¬

238 805 833 72 tia, ſecundũ modum, quo illam Chriſtus im¬

241 857 829 69 partit. Quare ille dicit: Cum aſcendiſſet in al

240 905 834 68 tum, dedit dona hominibus. Hoc uero, aſcẽ

238 952 832 69 dit, quid indicat, niſi quod deſcendit prius, in

235 1001 834 73 hæcinferiora, in terrã? Qui deſcendit, ipſe

237 1051 830 75 eſt, qui & aſcendit ſuper omnes cælos, ut per¬

235 1104 281 58 ficeret omnia.

277 1149 791 72 Et hic dedit hos quidẽ Apoſtolos, alios ue

234 1208 832 61 ro Prophetas, alios uero Euãgeliſtas, alios au

234 1249 832 66 tem Paſtores & Doctores, ad hoc ut ſancti in

229 1299 839 71 ſtaurentur, & opus miniſterij procedat, ædi¬

229 1347 836 72 ficiumq corporis Chriſti incrementũ accipi

227 1400 840 61 at, donec uniuerſi occurrerimus inuicẽ eadẽ

225 1443 842 78 fide & cognitione filij Dei præditi, ſimiles ui

915 1512 145 68 toiam

123 429 47 74 2.

125 751 26 63 3·

112 1156 31 57 4·
