1128 1876
40 196 829 51 ro iam aucti roboris, aſſecuti modum

43 231 819 64 integræ ætatis CHRISTI,

39 279 830 63 ut non ſimus iam amplius pueri, quos uertat,

40 329 831 62 & circum ferat, quilibet doctrinæ uentus, ex

40 377 830 69 impoſtura hominum, & uerſutia, quibus er

42 433 360 55 rorem obtrudunt.

247 117 389 56 EPISTOLA.

96 503 775 36 Siliceta againus dilectione, & dugeica

43 526 831 63 mus, relaturi per omnia eum, qui caput eſt

44 576 829 63 Chriſtum. Exquolomne corpus coagmenta¬

41 622 834 63 tum, & compactum, per omnem commiſſu

44 671 832 62 ram, qua fit ſubminiſtratio, ſecundum effica

43 719 829 65 tiam pro portione cuiuſ partis, incremen¬

43 768 831 66 tum accipit, ad inſtaurationem ſui ipſius per

45 823 255 52 dilectionem.

840 115 32 66 1

91 861 782 70 i cergo dico, & obteſtor per dominum,

47 914 829 66 ne poſt hac conuerſemini, ut reliquæ gentes

45 965 835 62 conuerſantur, iuxta uanitatem mentis ea¬

47 1010 834 65 rum, obtenebrati ſenſu, abalienatiq à uita

50 1059 833 69 Dei, propter ignorantiam quæ in eis eſt, & cæ

48 1111 836 62 citatem cordis eorum. Qui poſtquam ad in¬

48 1157 835 61 dolentiam peruenerunt, tradiderunt ſemet¬

48 1206 838 66 ipſos laſciuiæ, ut quamlibet immunditiam

52 1260 618 60 patrarent, ſimul addicti auar itiæ.

937 479 31 71 r.

951 872 33 92 „

105 1301 782 66 Vos autem non ſic didiciſtis Chriſtum. Si

51 1368 835 51 quidem audiuiſtis eum, & docti eſtis, quem¬

48 1401 840 66 admodum ueritas Ieſu habet, quod oporte¬

47 1451 842 75 at uos deponere iuxta priorem conuerſatio¬

586 1507 35 62 B

668 1514 17 42 5

963 1330 27 77 7·

779 1498 111 67 nẽm
