1177 1883
94.0 160.0 676.0 70.0 IN EPI. PAV. AD TIM. PRI.

794.0 134.0 51.0 95.0 81

60.0 230.0 786.0 50.0 ficta. Nam, ut inquit, quod à talibus aberrauerunt,

58.0 270.0 790.0 59.0 deflexerũt ad uaniloquium, &c. Sed de his hactenus.

78.0 323.0 772.0 58.0 Alij uero docti ex ſacra ſcriptura, ſciunt non fiden¬

61.0 371.0 791.0 59.0 dum operibus, ſed ſoli dei miſericordiæ, & quidem

61.0 419.0 790.0 60.0 recte: ſed curioſi & ſuperſtitioſi inania uocabula in¬

62.0 473.0 792.0 57.0 ueniunt, quæ literæ ſacræ non nouerunt, & ſcientiam

63.0 517.0 791.0 62.0 iactant, contra quos in fine epiſtolæ dicit, deuitãs pro

63.0 569.0 793.0 60.0 phanas uocum inanitates. Item fabulas ſequuntur, id

65.0 620.0 791.0 57.0 eſt, alia extra ſacras literas: qualia multa commenti

66.0 666.0 791.0 64.0 ſunt Iudæi, qualia etiam multa noſtri habent quaſi hi¬

63.0 721.0 794.0 59.0 ſtoriam. Et præterea genealogias quærunt nũquam

66.0 766.0 789.0 63.0 finiendas, id eſt de quibus ex ſacris literis non potes

73.0 815.0 778.0 61.0 eſſe certus, quas alius ſic, alius aliter computat, &

73.0 861.0 781.0 72.0 quiſ ſua præfert: quæ, inqt, quæſtiones & dubiũ ge¬

70.0 914.0 786.0 63.0 nerant, & nullam ædificationem. Item ſunt, quorum

73.0 965.0 785.0 60.0 magnus eſt numerus, qui magno animi negotio, nihil

72.0 1011.0 786.0 67.0 niſi uanas quæſtiones ſequuntur ex ſacris literis, nuſ¬

73.0 1062.0 785.0 63.0 quam nõ hæſitantes, dum etiam nodum inſcirpo quæ¬

73.0 1109.0 786.0 65.0 runt: interim uero quàm certiſſimam uident ſanam

74.0 1160.0 785.0 64.0 doctrinã, & apertũ Euangeliũ, id eſt luce clariores:

76.0 1208.0 786.0 68.0 dei Chriſti promiſſiones in utriuſ inſtrumenti pa¬

77.0 1261.0 782.0 63.0 gina relinquunt. Qui in hoc periculo ſunt, ut ueren¬

77.0 1310.0 785.0 64.0 dum ſit eis, ne dum pugnas ſequuntur uerborum, reli¬

79.0 1358.0 783.0 65.0 ctis illis, ex quibus ædificari poſſent, tandem incipiãt

78.0 1409.0 787.0 62.0 de ueritate ſacræ ſcripturæ dubitare. Et dũ umbram

78.0 1456.0 780.0 75.0 ſequũtur, ut canis Aeſopicus, ueritatẽ & rem ipſam:
