1128 1876
249.0 106.0 393.0 54.0 EPISTOLA.

26.0 176.0 835.0 53.0 quarum tamen uſu ut nulla eſt impuritas, ita nulla in abſti

25.0 221.0 836.0 58.0 nentia earum ſanctitas, totum feré mundum dementa¬

23.0 272.0 837.0 56.0 runt. Porrò ut iſtorum impoſtura ſerpat, non paruum mo

26.0 319.0 836.0 57.0 mentum adfert, eorumqui CHRIS T Ieſſeuo¬

27.0 366.0 835.0 60.0 lunt infirmitas ne dicam, an ſocordia & deteſtanda le¬

27.0 417.0 835.0 62.0 uitas. Dum enim ſimpliciores, nondum ſcilicet à ſpiritu

27.0 469.0 834.0 57.0 intus ſatis roborati, uident tam imparem doctrina Euan¬

30.0 519.0 832.0 58.0 gelica uitam apud eos, qui illam profitentur, minimo nego

28.0 570.0 835.0 60.0 tio ab ijs, qui ſpeciem aliquam eius præ ſe ferunt, perſua¬

29.0 619.0 835.0 58.0 dentur, non eſſe eam uere Euangelicam doctrinam, quam

31.0 668.0 833.0 57.0 illi prædicant· Væ igitur nobis, ſi blaſphemandi doctri¬

31.0 717.0 833.0 62.0 nam CHRISTI, & offenſionis puſillorumoc

33.0 766.0 327.0 57.0 caſionem dederimus.

79.0 816.0 788.0 62.0 Præter hos, ſunt & ex ijs, qui Euangelij purißimiuin

33.0 867.0 835.0 59.0 dices ſibi uideri uolunt, neq ſanè uulgariter in prouchen

31.0 911.0 827.0 72.0 do illo, ſudarunt, qui neſcio qua animis ipſorumobfuſa,

31.0 963.0 827.0 57.0 contentionis & φιλαυτίας incertum, an stuporis &

32.0 1014.0 826.0 64.0 ignorantiæ nubecula, Sacramentis, quæ ſymbola ſum

34.0 1064.0 824.0 60.0 Christianorum, & externo uerbo, ea tribuunt, unde di

32.0 1114.0 826.0 55.0 uinæ beneuolentiæ, uirtutis́ claritas non parum obſcu¬

32.0 1163.0 826.0 64.0 ratur·Vehicula enim illa faciunt, ſpiritus ſancti, & fidei,

32.0 1214.0 826.0 60.0 cum hæc donet ſola bonitas Dei, impetrata morte CHRI

37.0 1274.0 829.0 51.0 STI. Hi ex eadem cognitionis gratiæ Dei angustia, &

37.0 1318.0 837.0 58.0 ſanctorum ſalutem æternam negant, dum hic, qui Chri¬

36.0 1370.0 839.0 55.0 stouere crediderint, rurſum poße excidere, non tam in¬

35.0 1418.0 842.0 58.0 conſiderate, quàm periculoſe affirmant. Quæ enimfi¬

36.0 1467.0 845.0 60.0 des, quæ ſe dubitet habere repoſitam ſibi penes Deumui¬

37.0 1519.0 848.0 70.0 tam ætcrnam, hoc est, eſſe filium at hæredem Dei ?am

887.0 945.0 153.0 71.0 Sacramen

887.0 1013.0 150.0 54.0 is et exter

887.0 1059.0 136.0 54.0 io uerbo

887.0 1113.0 154.0 62.0 quidam ni

887.0 1155.0 151.0 67.0 nium tri¬

888.0 1210.0 92.0 76.0 buunt-

572.0 1574.0 28.0 73.0 O

677.0 1569.0 20.0 74.0 4

772.0 1571.0 108.0 67.0 Deus
