1128 1876
466 198 394 58 D. PAVLI AD EPHESIOS

167 678 36 64 CAPVT III

306 291 780 66 Huius gratia ego Paulus uinctus ſum Chri

256 347 830 61 ſti Ieſu, pro uobis gentibus· Audiſtis ſiquidem

257 397 828 55 diſpenſationem beneuolentiæ Dei, quæ mi¬

258 448 828 51 hi commiſſa eſt erga uos. Per reuelationem

257 496 826 53 enim notum mihi fecit arcanum, quemad¬

257 545 826 54 modum paucis ante ſcripſi, ex quib. cogno¬

255 589 825 62 ſcere poteſtis legentes, quid de arcano Chri¬

253 634 265 59 ssti intelligam.

382 126 575 61 ſti intelligam.

303 694 778 54 Quod utiq alijs saeculis, non fuit homini¬

251 735 831 60 bus retectum, uti nunc sanctis Apostolis eius

254 786 828 58 bus retectum, uti nunc ſanctis Apoſtolis eiu

256 835 825 58 & Prophetis per ſpiritum retectum eſt, nem¬

252 884 824 59 pe quod gentes ſint cohæredes, & eiuſdem

251 931 832 59 corporis, atque participes promiſſionis eius,

252 979 829 58 in Chriſto exhibitæ per Euangelion, cuius fa¬

253 1027 691 52 ctus ſum miniſter, iuxta donum beneuolẽtiæ

164 1089 45 53 Dei, datũ mihi ex efficaci uirtute eius.

296 1076 781 60 Mihi inquam minori quolibet minimo

248 1131 833 50 Mihi inquam minori quolibet minimo

248 1176 834 60 omnium ſanctorum, hæcbeneuolentia con

248 1222 835 58 tigit, ut inter gentes Euangelizarem, in perue

249 1273 832 57 ſtigabilem opulentiam Chriſti. Et illato lu¬

250 1321 831 58 mine mõſtrarem omnibus, quæ ſit commu

253 1368 753 62 nio arcani à ſæculis penes Deum, qui omnia

154 1408 49 74 per Ieſum Chriſtum creauit, abſconditi.

304 1417 779 58 Vt nota modo fieret per Ecclesiam, prin¬

253 1484 830 44 Vt nota modo fieret per Ecccleſiam, prin¬

255 1514 829 72 cipatibus & poteſfatibus cæleltibus, multifa¬

883 1567 199 64 aeternum,

159 286 47 48 1.
