<?xml version="1.0" encoding="UTF-8"?>
<alto xmlns:xsi="http://www.w3.org/2001/XMLSchema-instance"
      xmlns="http://www.loc.gov/standards/alto/ns-v4#"
      xsi:schemaLocation="http://www.loc.gov/standards/alto/ns-v4# http://www.loc.gov/standards/alto/v4/alto-4-2.xsd">
  <Description>
    <MeasurementUnit>pixel</MeasurementUnit>
    <sourceImageInformation>
      <fileName>bsb00035303_00006.jpg</fileName>
    </sourceImageInformation>
  </Description>
  <Tags>
    <OtherTag ID="BT7" LABEL="CustomZone" DESCRIPTION="block type CustomZone"/><OtherTag ID="BT8" LABEL="DamageZone" DESCRIPTION="block type DamageZone"/><OtherTag ID="BT9" LABEL="DigitizationArtefactZone" DESCRIPTION="block type DigitizationArtefactZone"/><OtherTag ID="BT10" LABEL="DropCapitalZone" DESCRIPTION="block type DropCapitalZone"/><OtherTag ID="BT11" LABEL="GraphicZone" DESCRIPTION="block type GraphicZone"/><OtherTag ID="BT12" LABEL="MainZone" DESCRIPTION="block type MainZone"/><OtherTag ID="BT13" LABEL="MarginTextZone" DESCRIPTION="block type MarginTextZone"/><OtherTag ID="BT14" LABEL="MusicZone" DESCRIPTION="block type MusicZone"/><OtherTag ID="BT15" LABEL="NumberingZone" DESCRIPTION="block type NumberingZone"/><OtherTag ID="BT17" LABEL="QuireMarksZone" DESCRIPTION="block type QuireMarksZone"/><OtherTag ID="BT18" LABEL="RunningTitleZone" DESCRIPTION="block type RunningTitleZone"/><OtherTag ID="BT19" LABEL="SealZone" DESCRIPTION="block type SealZone"/><OtherTag ID="BT20" LABEL="StampZone" DESCRIPTION="block type StampZone"/><OtherTag ID="BT21" LABEL="TableZone" DESCRIPTION="block type TableZone"/><OtherTag ID="BT22" LABEL="TitlePageZone" DESCRIPTION="block type TitlePageZone"/><OtherTag ID="BT985" LABEL="MainZone-Other" DESCRIPTION="block type MainZone-Other"/><OtherTag ID="BT986" LABEL="MainZone-Signature" DESCRIPTION="block type MainZone-Signature"/><OtherTag ID="BT987" LABEL="MainZone-Head" DESCRIPTION="block type MainZone-Head"/><OtherTag ID="BT988" LABEL="MainZone-P" DESCRIPTION="block type MainZone-P"/><OtherTag ID="BT989" LABEL="MainZone-P-Continued" DESCRIPTION="block type MainZone-P-Continued"/><OtherTag ID="BT990" LABEL="MarginTextZone-Notes" DESCRIPTION="block type MarginTextZone-Notes"/><OtherTag ID="BT991" LABEL="MainZone-Lg" DESCRIPTION="block type MainZone-Lg"/>
    <OtherTag ID="LT7" LABEL="CustomLine" DESCRIPTION="line type CustomLine"/><OtherTag ID="LT8" LABEL="DefaultLine" DESCRIPTION="line type DefaultLine"/><OtherTag ID="LT9" LABEL="DropCapitalLine" DESCRIPTION="line type DropCapitalLine"/><OtherTag ID="LT10" LABEL="HeadingLine" DESCRIPTION="line type HeadingLine"/><OtherTag ID="LT11" LABEL="InterlinearLine" DESCRIPTION="line type InterlinearLine"/><OtherTag ID="LT12" LABEL="MusicLine" DESCRIPTION="line type MusicLine"/>
  </Tags>
  <Layout>
    <Page WIDTH="1128"
          HEIGHT="1876"
          PHYSICAL_IMG_NR="5"
          ID="eSc_dummypage_">
      <PrintSpace HPOS="0"
                  VPOS="0"
                  WIDTH="1128"
                  HEIGHT="1876">
        <TextBlock HPOS="503.0"
                   VPOS="136.0"
                   WIDTH="424.0"
                   HEIGHT="59.0"
                   ID="block_3"
                   TAGREFS="BT18">
          <Shape><Polygon POINTS="927 136 927 195 503 195 503 136"/></Shape>
          <TextLine ID="line_0"
                    TAGREFS="LT10"
                    BASELINE="503 179 920 175" 
                    HPOS="502.0"
                    VPOS="140.0"
                    WIDTH="418.0"
                    HEIGHT="54.0">
            <Shape><Polygon POINTS="898 141 888 141 877 141 867 141 856 141 846 141 836 141 825 141 815 141 804 141 794 141 783 141 773 141 763 141 752 141 742 141 731 141 721 141 710 141 700 141 690 141 679 141 669 141 658 141 648 141 638 141 627 141 617 141 606 141 596 141 585 141 575 141 565 141 554 141 544 141 533 141 531 140 502 140 503 179 503 186 577 193 578 193 609 188 621 186 631 188 658 194 659 194 660 194 661 194 661 193 668 188 670 187 698 187 700 189 704 192 704 193 705 193 706 193 707 193 708 193 720 189 731 185 741 189 749 193 750 193 751 194 794 194 794 193 795 193 801 190 807 187 836 190 850 192 851 192 852 192 857 191 879 184 892 191 893 192 894 192 895 192 896 192 920 191 920 175 917 141 909 141"/></Shape>
	    <String CONTENT="MARTINI SVCERI"
                    HPOS="502.0"
                    VPOS="140.0"
                    WIDTH="418.0"
                    HEIGHT="54.0"
                    WC="0.9998262013707843"></String>
          </TextLine>
        </TextBlock>
        <TextBlock HPOS="288.0"
                   VPOS="203.0"
                   WIDTH="838.0"
                   HEIGHT="706.0"
                   ID="block_4"
                   TAGREFS="BT989">
          <Shape><Polygon POINTS="1126 203 1126 909 288 909 288 203"/></Shape>
          <TextLine ID="line_1"
                    TAGREFS="LT8"
                    BASELINE="293 248 1102 243" 
                    HPOS="292.0"
                    VPOS="212.0"
                    WIDTH="810.0"
                    HEIGHT="52.0">
            <Shape><Polygon POINTS="1093 212 1091 214 1039 214 1035 212 1033 212 1022 212 1012 212 1001 212 1000 212 998 213 925 213 923 212 918 212 908 212 897 212 887 212 884 212 873 214 863 212 855 212 845 212 835 212 824 212 814 212 803 212 802 212 791 214 787 212 782 212 772 212 769 212 764 214 739 212 730 212 720 212 709 212 699 212 694 213 678 215 663 213 655 212 647 212 636 212 626 212 621 212 620 213 617 216 592 216 585 214 578 212 574 212 564 212 553 212 543 212 532 212 522 212 511 212 501 212 500 212 494 215 491 217 470 217 468 215 463 212 459 212 449 212 438 212 434 212 412 215 404 212 397 212 386 212 376 212 365 212 355 212 345 212 334 212 324 212 313 212 308 212 292 216 293 248 293 264 389 257 471 262 487 263 488 263 489 263 492 262 504 256 604 256 619 260 624 262 625 262 626 262 645 260 673 257 681 260 689 262 690 262 691 262 692 262 693 262 696 260 702 255 755 259 791 261 792 261 793 261 800 258 806 256 824 258 851 261 852 261 872 257 885 255 889 257 897 261 898 261 899 261 944 256 970 254 989 256 1025 260 1026 260 1101 254 1102 243 1097 212 1095 212"/></Shape>
	    <String CONTENT="omnibus hominibus adſeruerant, ſpem figere docent"
                    HPOS="292.0"
                    VPOS="212.0"
                    WIDTH="810.0"
                    HEIGHT="52.0"
                    WC="0.9934268654609213"></String>
          </TextLine>
          <TextLine ID="line_2"
                    TAGREFS="LT8"
                    BASELINE="293 298 1114 292" 
                    HPOS="292.0"
                    VPOS="255.0"
                    WIDTH="822.0"
                    HEIGHT="58.0">
            <Shape><Polygon POINTS="293 298 293 308 313 313 314 313 315 313 333 308 338 307 422 307 424 307 438 312 439 312 440 312 501 307 515 306 518 307 532 312 533 312 534 312 535 312 546 307 556 312 557 312 558 313 621 313 621 312 728 305 738 305 741 305 769 311 770 311 771 311 772 311 781 305 782 305 786 305 873 310 874 310 875 310 893 304 894 304 898 304 961 309 962 309 998 303 1002 303 1009 303 1082 309 1083 309 1113 302 1114 292 1112 263 1010 263 1010 262 994 255 993 255 992 255 991 255 978 260 949 255 948 255 947 255 946 255 936 262 933 264 891 264 888 262 880 256 879 256 878 256 877 256 839 262 825 263 807 261 766 257 765 257 764 257 755 261 749 264 731 261 706 257 705 257 683 261 667 264 660 261 654 258 653 258 652 258 639 261 619 265 599 261 590 259 589 259 565 261 507 265 500 260 498 258 497 258 496 258 474 258 473 258 460 260 429 266 402 260 397 259 396 259 292 259 293 298"/></Shape>
	    <String CONTENT="Hinc beneuolentiæ Dei prædicationem, hoc est, Euange¬"
                    HPOS="292.0"
                    VPOS="255.0"
                    WIDTH="822.0"
                    HEIGHT="58.0"
                    WC="0.9909862662261387"></String>
          </TextLine>
          <TextLine ID="line_3"
                    TAGREFS="LT8"
                    BASELINE="292 346 1115 342" 
                    HPOS="291.0"
                    VPOS="303.0"
                    WIDTH="824.0"
                    HEIGHT="58.0">
            <Shape><Polygon POINTS="292 346 292 356 302 361 303 361 304 361 335 356 495 361 496 361 497 361 511 355 513 355 565 361 566 361 567 361 585 355 586 355 607 360 608 360 609 361 659 361 659 360 660 360 672 355 673 354 675 355 683 360 684 360 685 360 687 360 688 360 700 355 703 354 708 355 738 360 739 360 767 355 773 354 781 355 817 359 818 359 862 355 881 353 976 353 983 355 996 359 997 359 998 359 1114 354 1115 342 1113 309 1081 303 1080 303 1079 303 1063 308 1048 314 961 314 949 308 939 303 938 303 886 303 885 303 884 303 883 303 877 307 869 313 849 308 848 308 847 308 792 314 768 307 757 304 756 304 755 304 754 304 747 307 729 314 666 306 659 306 658 306 657 306 656 306 639 314 620 306 615 304 614 304 612 304 611 304 606 306 596 311 575 306 567 304 566 304 565 304 500 305 499 305 498 305 498 306 482 316 449 316 432 305 431 305 430 305 402 305 401 305 400 305 399 305 378 316 357 316 332 305 331 305 291 305 292 346"/></Shape>
	    <String CONTENT="lion, efficere blaſphemant, ut homines à bonis operibus"
                    HPOS="291.0"
                    VPOS="303.0"
                    WIDTH="824.0"
                    HEIGHT="58.0"
                    WC="0.9785362737519401"></String>
          </TextLine>
          <TextLine ID="line_4"
                    TAGREFS="LT8"
                    BASELINE="292 397 1117 391" 
                    HPOS="291.0"
                    VPOS="353.0"
                    WIDTH="826.0"
                    HEIGHT="61.0">
            <Shape><Polygon POINTS="292 397 292 406 323 413 324 414 354 414 354 413 355 413 356 413 364 406 366 406 372 406 421 413 422 413 423 413 424 413 432 407 432 406 475 405 484 407 502 410 503 410 504 410 505 410 509 407 512 404 691 404 696 407 702 411 703 411 704 411 705 411 812 410 825 407 844 403 867 407 885 410 886 410 921 407 983 402 1023 402 1033 407 1035 409 1036 409 1037 409 1038 409 1055 407 1090 403 1115 407 1117 391 1114 359 1014 361 1011 360 1003 356 1002 356 1001 356 976 360 968 361 966 360 952 353 951 353 950 353 949 353 932 360 927 363 873 363 862 361 807 354 806 354 715 355 714 355 699 362 678 355 677 355 676 355 640 363 624 355 623 355 622 355 621 355 596 364 594 365 505 365 484 365 468 356 467 356 466 356 383 365 370 357 369 357 368 357 333 357 332 357 291 366 292 397"/></Shape>
	    <String CONTENT="ceſſent, ſalutem à merito Chriſti fruſtra expectantes, cum"
                    HPOS="291.0"
                    VPOS="353.0"
                    WIDTH="826.0"
                    HEIGHT="61.0"
                    WC="0.9994147965463541"></String>
          </TextLine>
          <TextLine ID="line_5"
                    TAGREFS="LT8"
                    BASELINE="292 446 1112 441" 
                    HPOS="291.0"
                    VPOS="404.0"
                    WIDTH="821.0"
                    HEIGHT="58.0">
            <Shape><Polygon POINTS="292 446 292 457 387 456 391 458 400 462 401 462 402 462 403 462 412 458 420 455 428 458 442 462 443 462 444 462 445 462 446 462 452 458 456 455 509 454 537 458 558 461 559 461 560 461 571 458 584 454 593 458 598 461 599 461 600 462 626 462 626 461 627 461 634 458 647 454 659 458 668 461 669 461 670 461 671 461 677 458 689 454 725 458 726 458 775 453 807 459 817 460 818 460 832 459 886 453 901 459 904 460 905 460 906 460 908 460 911 459 925 452 943 459 944 459 945 459 946 459 948 459 981 452 987 457 988 457 989 457 990 457 991 457 1000 453 1015 459 1016 459 1017 460 1066 460 1066 459 1067 459 1081 452 1109 459 1112 441 1110 410 1017 404 1016 404 1015 404 998 410 995 412 993 411 984 404 983 404 982 404 963 404 962 404 961 404 946 411 944 412 932 411 897 408 896 408 895 408 886 412 881 413 875 412 850 405 849 405 848 405 847 405 846 405 836 412 834 414 805 414 802 412 789 405 788 405 787 405 786 405 769 410 731 405 730 405 694 413 684 406 683 406 682 406 617 406 616 406 567 414 566 414 497 406 496 406 495 406 464 415 463 416 438 416 326 416 309 410 308 410 307 410 306 410 291 415 292 446"/></Shape>
	    <String CONTENT="tamen, nullum prorſus à nobis bonum opus ſieri poßit,"
                    HPOS="291.0"
                    VPOS="404.0"
                    WIDTH="821.0"
                    HEIGHT="58.0"
                    WC="0.9762377507156796"></String>
          </TextLine>
          <TextLine ID="line_6"
                    TAGREFS="LT8"
                    BASELINE="293 495 1116 491" 
                    HPOS="292.0"
                    VPOS="453.0"
                    WIDTH="824.0"
                    HEIGHT="59.0">
            <Shape><Polygon POINTS="293 495 293 510 333 511 334 511 335 511 338 510 359 504 379 510 382 511 383 511 384 512 460 512 460 511 461 511 466 510 485 504 494 510 495 510 496 510 497 510 498 510 500 510 519 505 552 510 566 511 567 511 583 509 641 503 736 509 744 509 745 509 748 509 781 503 825 509 839 510 840 510 841 510 847 508 870 502 896 507 897 507 949 502 961 508 963 509 964 509 965 509 979 508 1034 503 1050 508 1056 509 1057 509 1058 509 1115 507 1116 491 1113 459 1096 462 1088 459 1073 453 1072 453 1071 453 1070 453 1069 453 1062 459 1057 463 1020 463 1014 459 999 453 998 453 997 453 964 460 951 462 936 460 903 456 902 456 901 456 892 460 888 463 786 463 780 461 761 454 759 454 706 454 705 454 704 454 703 454 690 462 689 463 661 463 657 463 625 454 624 454 623 454 622 454 621 454 607 463 606 464 513 464 510 464 477 455 476 455 475 455 422 460 414 455 413 455 412 455 332 455 331 455 330 455 292 465 293 495"/></Shape>
	    <String CONTENT="niſi id ſenſus amorq bonitatis Dei gignat. Sed non hic"
                    HPOS="292.0"
                    VPOS="453.0"
                    WIDTH="824.0"
                    HEIGHT="59.0"
                    WC="0.9928615656163957"></String>
          </TextLine>
          <TextLine ID="line_7"
                    TAGREFS="LT8"
                    BASELINE="295 545 1089 540" 
                    HPOS="293.0"
                    VPOS="505.0"
                    WIDTH="796.0"
                    HEIGHT="56.0">
            <Shape><Polygon POINTS="295 545 295 554 442 558 443 558 493 555 522 553 531 555 555 560 556 560 557 560 570 555 578 560 579 560 580 560 581 561 655 561 655 560 656 560 657 560 664 555 668 552 693 552 701 555 710 559 712 559 713 560 747 560 747 559 748 559 749 559 755 555 758 553 762 555 766 558 767 558 768 558 836 559 837 559 838 559 839 559 844 555 846 554 856 555 889 559 890 559 914 555 941 551 996 551 1002 555 1006 558 1007 558 1008 558 1009 558 1088 555 1089 540 1084 505 1073 513 1039 513 1025 505 1024 505 1023 505 1022 505 1021 505 1020 505 1004 513 973 513 860 506 836 505 835 505 834 505 830 506 810 513 792 506 789 505 788 505 787 505 786 505 781 506 762 513 740 507 739 507 738 507 737 507 736 507 727 513 699 508 698 508 697 508 681 515 577 515 560 507 558 506 557 506 505 506 504 506 503 506 502 506 501 507 491 514 480 507 479 507 478 507 453 507 452 507 451 507 450 507 432 515 393 509 391 509 390 509 373 515 324 515 293 508 295 545"/></Shape>
	    <String CONTENT="tantum nobis isti impingunt, quod ipſi peccant· Pecc."
                    HPOS="293.0"
                    VPOS="505.0"
                    WIDTH="796.0"
                    HEIGHT="56.0"
                    WC="0.9979279603598252"></String>
          </TextLine>
          <TextLine ID="line_8"
                    TAGREFS="LT8"
                    BASELINE="296 594 1115 590" 
                    HPOS="295.0"
                    VPOS="553.0"
                    WIDTH="820.0"
                    HEIGHT="60.0">
            <Shape><Polygon POINTS="296 594 296 604 305 609 306 609 307 609 365 604 389 612 390 612 391 613 525 613 525 612 560 604 569 603 629 603 632 605 646 610 647 610 648 610 649 610 666 605 674 603 702 603 707 605 715 610 716 610 717 610 718 610 719 610 733 605 741 603 745 605 753 611 754 611 755 611 756 611 757 611 773 606 781 602 841 602 859 606 874 610 875 610 876 611 915 611 915 610 916 610 925 606 938 602 998 602 1008 607 1014 610 1015 610 1016 610 1017 610 1024 607 1031 604 1035 607 1038 610 1039 610 1040 610 1041 610 1115 607 1115 590 1112 553 1048 563 979 557 978 557 949 563 932 555 927 553 926 553 909 553 908 553 906 553 905 553 903 555 894 561 818 556 787 554 786 554 774 556 740 565 707 565 697 557 694 554 693 554 692 554 663 554 661 554 660 554 659 554 654 558 644 565 575 565 554 559 544 556 543 556 542 556 541 556 534 559 523 564 506 559 492 555 491 555 403 555 402 555 401 555 386 561 376 565 366 561 360 558 359 558 358 558 357 558 349 561 340 564 336 561 334 559 333 559 332 559 331 559 330 559 329 559 326 561 321 564 295 562 296 594"/></Shape>
	    <String CONTENT="tum ipſi falſam &amp; euanidam opinionem faciunt, quia"
                    HPOS="295.0"
                    VPOS="553.0"
                    WIDTH="820.0"
                    HEIGHT="60.0"
                    WC="0.9956058275699615"></String>
          </TextLine>
          <TextLine ID="line_9"
                    TAGREFS="LT8"
                    BASELINE="300 644 1097 640" 
                    HPOS="299.0"
                    VPOS="605.0"
                    WIDTH="798.0"
                    HEIGHT="55.0">
            <Shape><Polygon POINTS="300 644 301 660 322 653 356 660 359 660 360 660 361 660 363 660 386 653 448 658 449 658 450 658 470 653 477 659 478 660 479 660 480 660 481 660 482 660 483 660 485 659 495 653 512 658 515 659 516 659 517 659 525 658 577 652 695 652 702 657 704 659 705 659 706 659 707 659 730 657 754 654 767 656 781 659 782 659 783 659 791 656 799 653 814 656 829 659 830 659 831 659 832 659 838 656 845 651 874 655 894 658 895 659 921 659 921 658 922 658 928 655 936 651 947 655 958 658 959 658 960 658 1096 653 1097 640 1094 605 1066 611 1047 605 1046 605 1045 605 1044 605 1040 605 1007 611 999 606 998 605 997 605 996 605 967 605 966 605 965 605 960 606 942 612 881 612 863 607 848 605 847 605 846 605 838 608 825 613 794 613 789 608 786 606 785 606 783 606 782 606 725 609 674 612 668 610 658 606 657 606 607 606 606 606 605 606 604 606 599 611 597 612 591 611 568 607 567 607 566 607 547 611 540 613 537 612 533 608 532 608 531 608 530 608 445 613 432 613 427 613 372 607 371 607 299 614 300 644"/></Shape>
	    <String CONTENT="non ſit creatura D E I coq́; olim etiam prorſus euant"
                    HPOS="299.0"
                    VPOS="605.0"
                    WIDTH="798.0"
                    HEIGHT="55.0"
                    WC="0.9873945296935316"></String>
          </TextLine>
          <TextLine ID="line_10"
                    TAGREFS="LT8"
                    BASELINE="297 695 1104 689" 
                    HPOS="296.0"
                    VPOS="653.0"
                    WIDTH="808.0"
                    HEIGHT="58.0">
            <Shape><Polygon POINTS="297 707 373 704 381 708 387 710 388 710 389 711 434 711 434 710 435 710 436 710 439 707 445 704 471 707 494 709 495 709 496 709 497 709 500 706 504 703 512 706 520 709 521 709 522 709 544 706 566 703 600 703 604 705 608 709 609 709 610 709 611 709 692 705 708 704 714 704 737 708 738 708 739 708 740 708 746 704 751 701 797 701 843 703 922 707 923 707 924 707 936 702 942 700 954 702 981 706 982 706 983 706 1001 702 1009 700 1101 700 1104 689 1100 653 1042 662 861 662 849 657 847 656 846 656 845 656 844 656 841 657 818 662 797 657 780 654 779 654 739 657 738 657 737 657 736 658 728 664 664 664 656 660 646 655 645 655 619 655 618 655 617 655 616 655 616 656 609 660 606 664 586 664 579 661 569 656 568 656 530 656 529 656 528 656 527 656 520 662 518 664 438 665 409 664 306 657 305 657 304 657 303 657 296 662 297 695"/></Shape>
	    <String CONTENT="turum, tùmque ſaluos fore, &amp; dæmones &amp; impios uni"
                    HPOS="296.0"
                    VPOS="653.0"
                    WIDTH="808.0"
                    HEIGHT="58.0"
                    WC="0.9831775057315827"></String>
          </TextLine>
          <TextLine ID="line_11"
                    TAGREFS="LT8"
                    BASELINE="301 745 1113 739" 
                    HPOS="300.0"
                    VPOS="700.0"
                    WIDTH="813.0"
                    HEIGHT="61.0">
            <Shape><Polygon POINTS="301 745 301 754 358 761 359 761 360 761 385 754 386 754 388 754 435 761 436 761 437 761 438 761 450 754 450 753 528 753 529 753 535 758 536 758 537 758 602 760 603 760 666 752 670 752 672 752 697 759 698 759 699 760 785 760 785 759 824 758 825 758 839 751 840 751 845 751 920 758 921 758 1112 749 1113 739 1110 700 1057 710 1039 701 1038 701 1037 701 1035 701 996 710 968 702 967 702 966 702 965 702 964 702 963 702 946 712 876 712 853 704 845 702 844 702 805 702 804 702 803 702 791 706 769 713 680 713 673 708 672 707 671 707 670 707 669 707 658 708 618 713 596 709 567 704 566 704 565 704 564 704 554 710 550 713 545 710 537 705 536 705 535 705 504 704 503 704 502 704 481 711 466 706 464 706 463 706 462 706 461 706 455 712 454 712 430 705 429 705 428 705 427 705 405 711 364 705 363 705 362 705 347 713 329 706 328 706 327 706 326 706 300 714 301 745"/></Shape>
	    <String CONTENT="uerſos, quem hoc figmentum, qui id receperit, non red¬"
                    HPOS="300.0"
                    VPOS="700.0"
                    WIDTH="813.0"
                    HEIGHT="61.0"
                    WC="0.9865056011411879"></String>
          </TextLine>
          <TextLine ID="line_12"
                    TAGREFS="LT8"
                    BASELINE="299 794 1118 790" 
                    HPOS="298.0"
                    VPOS="752.0"
                    WIDTH="820.0"
                    HEIGHT="57.0">
            <Shape><Polygon POINTS="299 794 299 803 342 809 344 809 372 804 377 803 496 803 498 804 505 808 506 808 507 808 508 808 531 804 543 802 604 802 608 804 614 808 615 808 616 808 617 808 664 804 677 803 684 804 706 808 707 808 708 808 720 804 729 801 767 804 803 807 804 807 805 807 813 804 819 801 825 804 829 807 830 807 831 807 832 807 896 804 967 801 983 804 992 806 993 806 994 806 1001 804 1021 800 1116 804 1118 790 1114 752 1080 762 945 762 936 756 935 756 934 756 933 756 902 761 872 756 853 753 852 753 851 753 850 753 846 756 840 761 834 757 834 756 832 756 831 756 830 756 829 756 827 757 811 762 782 757 771 756 770 756 751 758 720 762 714 759 710 756 709 756 708 756 707 756 706 756 696 759 681 764 657 764 651 760 643 754 642 754 641 754 585 754 584 754 583 754 582 754 573 761 571 763 552 763 548 762 535 754 534 754 533 754 503 754 502 754 501 754 475 763 474 763 450 755 449 755 448 755 447 755 446 755 432 764 430 764 411 764 394 764 377 755 376 755 375 755 342 760 317 755 316 755 315 755 314 755 298 763 299 794"/></Shape>
	    <String CONTENT="dat ſocordem, bonorũque operum negligentem, cum eti¬"
                    HPOS="298.0"
                    VPOS="752.0"
                    WIDTH="820.0"
                    HEIGHT="57.0"
                    WC="0.9828278692263477"></String>
          </TextLine>
          <TextLine ID="line_13"
                    TAGREFS="LT8"
                    BASELINE="300 844 1099 841" 
                    HPOS="299.0"
                    VPOS="801.0"
                    WIDTH="800.0"
                    HEIGHT="60.0">
            <Shape><Polygon POINTS="300 854 466 861 467 861 468 861 483 854 487 854 599 860 600 860 601 860 620 853 622 853 623 853 646 860 647 860 648 860 692 853 693 853 694 853 702 860 703 860 704 860 705 860 819 853 832 852 839 852 881 859 883 859 919 852 921 852 922 852 939 859 940 859 941 859 942 859 953 854 1014 859 1015 859 1016 859 1017 859 1024 853 1052 859 1053 859 1098 851 1099 841 1096 801 1058 806 1023 802 1015 801 1014 801 1013 801 1012 801 1011 802 999 809 983 805 982 805 981 805 945 810 903 804 884 801 883 801 881 801 880 801 876 804 867 810 831 811 818 805 811 802 810 802 808 802 807 802 806 802 802 805 793 811 742 806 733 806 732 806 727 807 702 811 697 807 691 802 690 802 689 802 661 802 660 802 659 802 658 802 650 808 645 812 602 812 592 809 567 802 566 802 565 802 564 802 532 810 523 812 518 810 503 803 502 803 415 803 414 803 413 803 412 803 397 812 396 813 299 813 300 844"/></Shape>
	    <String CONTENT="am impio ſibi, aditum ad beatem uitam fore, &amp; ſi pau"
                    HPOS="299.0"
                    VPOS="801.0"
                    WIDTH="800.0"
                    HEIGHT="60.0"
                    WC="0.9892944533091325"></String>
          </TextLine>
          <TextLine ID="line_14"
                    TAGREFS="LT8"
                    BASELINE="301 895 502 891" 
                    HPOS="300.0"
                    VPOS="854.0"
                    WIDTH="202.0"
                    HEIGHT="58.0">
            <Shape><Polygon POINTS="301 912 368 904 381 908 393 912 394 912 395 912 396 912 419 906 425 904 428 905 438 910 439 910 440 910 442 910 443 910 450 904 452 902 456 903 477 910 478 910 479 910 480 910 502 900 502 891 501 861 485 854 484 854 483 854 405 859 349 864 336 858 330 856 329 856 328 856 300 857 301 895"/></Shape>
	    <String CONTENT="ſerius putet?"
                    HPOS="300.0"
                    VPOS="854.0"
                    WIDTH="202.0"
                    HEIGHT="58.0"
                    WC="0.9972358850332407"></String>
          </TextLine>
        </TextBlock>
        <TextBlock HPOS="291.0"
                   VPOS="901.0"
                   WIDTH="837.0"
                   HEIGHT="711.0"
                   ID="block_0"
                   TAGREFS="BT988">
          <Shape><Polygon POINTS="1128 901 1128 1612 299 1612 299 1590 293 1561 298 1377 291 1338 299 901"/></Shape>
          <TextLine ID="eSc_line_700aab0f"
                    TAGREFS="LT8"
                    BASELINE="342 935 1123 948" 
                    HPOS="339.0"
                    VPOS="902.0"
                    WIDTH="782.0"
                    HEIGHT="68.0">
            <Shape><Polygon POINTS="984 902 954 909 929 902 898 902 890 906 883 902 863 902 849 909 810 902 752 902 707 908 685 902 661 902 653 908 603 908 599 902 577 902 567 908 549 908 544 902 499 902 480 905 447 902 341 902 339 952 356 959 549 963 674 956 689 964 747 955 844 963 1018 958 1029 970 1034 970 1120 958 1121 902 1107 902"/></Shape>
	    <String CONTENT="Istis profecto u̶ſu uenit, quod &amp; Iudæis, mundiq́; ſapi"
                    HPOS="339.0"
                    VPOS="902.0"
                    WIDTH="782.0"
                    HEIGHT="68.0"></String>
          </TextLine>
          <TextLine ID="line_16"
                    TAGREFS="LT8"
                    BASELINE="299 994 1101 991" 
                    HPOS="298.0"
                    VPOS="953.0"
                    WIDTH="803.0"
                    HEIGHT="55.0">
            <Shape><Polygon POINTS="299 994 299 1003 385 1003 395 1008 396 1008 397 1008 398 1008 462 1003 484 1008 485 1008 486 1008 565 1002 571 1002 572 1002 578 1007 579 1007 580 1007 581 1007 631 1002 638 1002 644 1002 709 1007 710 1007 1101 1001 1101 991 1099 957 1079 953 1077 953 1076 953 1075 953 1069 957 1064 960 1021 960 1008 957 989 953 988 953 987 953 976 957 971 960 967 957 960 953 959 953 958 953 957 953 955 953 954 953 949 958 945 961 873 961 869 958 863 953 862 953 861 953 834 953 832 953 831 953 821 958 817 961 763 961 758 959 752 954 751 954 750 954 725 954 724 954 723 954 713 959 708 961 690 959 644 954 643 954 642 954 628 959 623 963 533 963 530 960 524 955 523 955 522 955 500 955 499 955 498 955 479 960 472 963 464 960 443 955 442 955 440 955 409 961 401 963 393 961 357 955 356 955 355 955 335 961 332 963 298 963 299 994"/></Shape>
	    <String CONTENT="entibus olim·Suam quærunt iſtitiam ſtatuere, igitur DE"
                    HPOS="298.0"
                    VPOS="953.0"
                    WIDTH="803.0"
                    HEIGHT="55.0"
                    WC="0.9710788208025473"></String>
          </TextLine>
          <TextLine ID="line_17"
                    TAGREFS="LT8"
                    BASELINE="301 1044 1114 1040" 
                    HPOS="300.0"
                    VPOS="1001.0"
                    WIDTH="814.0"
                    HEIGHT="59.0">
            <Shape><Polygon POINTS="301 1044 301 1053 402 1053 405 1054 422 1060 423 1060 424 1060 460 1054 466 1053 469 1054 487 1060 488 1060 489 1060 491 1060 516 1054 520 1053 525 1054 554 1059 555 1059 556 1059 557 1059 566 1054 569 1052 590 1054 642 1059 643 1059 644 1059 654 1054 657 1054 704 1059 705 1059 706 1059 722 1054 732 1051 748 1054 759 1056 761 1056 772 1054 789 1051 794 1054 800 1058 801 1058 802 1058 803 1059 837 1059 837 1058 838 1058 846 1054 853 1051 884 1054 912 1057 913 1057 933 1054 963 1050 1034 1051 1038 1054 1041 1057 1042 1057 1043 1057 1044 1057 1063 1054 1086 1051 1112 1054 1114 1040 1112 1011 1066 1011 1065 1010 1050 1001 1049 1001 1048 1001 1047 1001 1007 1003 1006 1003 1004 1003 993 1010 990 1013 899 1014 779 1014 772 1008 761 1002 759 1002 758 1002 707 1002 706 1002 705 1002 704 1002 697 1008 690 1014 680 1008 671 1003 670 1003 669 1003 668 1003 654 1008 639 1015 609 1015 597 1007 586 1003 585 1003 584 1003 543 1007 474 1016 425 1016 408 1006 404 1004 403 1004 349 1004 348 1004 347 1004 346 1004 344 1006 336 1011 327 1006 324 1004 323 1004 322 1004 300 1005 301 1044"/></Shape>
	    <String CONTENT="iustitiæ quæ per fidem est, ſubdi nequeunt, &amp; indulgen¬"
                    HPOS="300.0"
                    VPOS="1001.0"
                    WIDTH="814.0"
                    HEIGHT="59.0"
                    WC="0.9991122245788574"></String>
          </TextLine>
          <TextLine ID="line_18"
                    TAGREFS="LT8"
                    BASELINE="301 1094 1121 1090" 
                    HPOS="300.0"
                    VPOS="1051.0"
                    WIDTH="821.0"
                    HEIGHT="62.0">
            <Shape><Polygon POINTS="301 1094 301 1105 329 1103 337 1105 357 1113 358 1113 359 1113 360 1113 374 1105 382 1105 452 1104 458 1105 485 1113 486 1113 487 1113 488 1113 502 1105 506 1103 517 1105 547 1112 548 1112 549 1112 550 1112 558 1105 562 1102 570 1105 586 1112 587 1112 589 1112 729 1111 730 1111 731 1111 740 1104 746 1101 819 1101 824 1104 837 1111 838 1111 839 1111 840 1111 855 1104 865 1101 878 1104 889 1106 890 1106 891 1106 892 1106 894 1104 898 1100 968 1100 979 1104 989 1107 990 1107 991 1107 992 1107 993 1107 998 1104 1002 1101 1013 1104 1019 1105 1020 1105 1021 1105 1022 1105 1027 1104 1040 1100 1047 1104 1059 1109 1060 1109 1061 1111 1090 1111 1090 1109 1091 1109 1092 1109 1100 1103 1107 1100 1118 1103 1121 1090 1119 1052 1073 1051 1072 1051 1071 1051 1069 1052 1050 1059 1026 1052 1022 1051 1021 1051 1020 1051 1009 1052 953 1059 933 1052 927 1051 926 1051 925 1051 924 1051 921 1052 906 1060 866 1053 860 1052 859 1052 857 1052 853 1053 825 1062 737 1062 717 1053 712 1052 710 1052 709 1052 708 1052 705 1054 690 1062 660 1054 656 1053 655 1053 583 1053 582 1053 581 1053 580 1053 579 1054 567 1063 502 1064 407 1064 397 1055 396 1054 395 1054 394 1054 354 1054 353 1054 352 1054 349 1055 336 1063 322 1055 319 1054 317 1054 316 1054 300 1055 301 1094"/></Shape>
	    <String CONTENT="tes fidentesq́; ingenijs ſuis, ſapientes eße uolunt, ideo plus"
                    HPOS="300.0"
                    VPOS="1051.0"
                    WIDTH="821.0"
                    HEIGHT="62.0"
                    WC="0.9914512143981072"></String>
          </TextLine>
          <TextLine ID="line_19"
                    TAGREFS="LT8"
                    BASELINE="301 1143 1122 1139" 
                    HPOS="300.0"
                    VPOS="1102.0"
                    WIDTH="822.0"
                    HEIGHT="60.0">
            <Shape><Polygon POINTS="301 1143 301 1156 335 1153 346 1156 351 1158 352 1158 353 1158 354 1158 358 1156 365 1153 382 1156 408 1162 409 1162 410 1162 426 1156 432 1154 443 1156 471 1162 472 1162 473 1162 485 1156 492 1153 505 1155 515 1157 516 1157 525 1155 542 1152 602 1152 611 1155 626 1161 627 1161 628 1161 656 1155 673 1152 698 1155 732 1158 733 1158 734 1158 750 1154 764 1151 768 1154 774 1159 775 1159 776 1159 777 1159 838 1158 839 1158 850 1154 859 1151 899 1151 908 1154 920 1158 921 1158 922 1159 961 1159 961 1158 962 1158 971 1153 974 1152 977 1153 990 1158 991 1158 992 1158 1122 1152 1122 1139 1117 1102 1104 1111 1028 1103 1009 1102 1008 1102 1007 1102 1002 1104 988 1111 965 1104 955 1102 954 1102 953 1102 952 1102 941 1105 914 1112 852 1106 816 1103 815 1103 814 1103 800 1107 783 1112 753 1107 720 1103 719 1103 718 1103 717 1103 717 1104 712 1108 706 1114 648 1114 635 1109 617 1104 616 1104 615 1104 614 1104 594 1109 583 1113 529 1111 374 1105 373 1105 372 1105 371 1105 360 1113 323 1107 322 1107 321 1107 300 1114 301 1143"/></Shape>
	    <String CONTENT="nimio ſtulti fiunt. Verum dum inſolentem præ ſe graut"
                    HPOS="300.0"
                    VPOS="1102.0"
                    WIDTH="822.0"
                    HEIGHT="60.0"
                    WC="0.9953661189889008"></String>
          </TextLine>
          <TextLine ID="line_20"
                    TAGREFS="LT8"
                    BASELINE="300 1193 1100 1189" 
                    HPOS="299.0"
                    VPOS="1153.0"
                    WIDTH="801.0"
                    HEIGHT="58.0">
            <Shape><Polygon POINTS="300 1193 300 1204 368 1204 372 1205 393 1211 394 1211 395 1211 428 1205 436 1204 460 1205 540 1210 541 1210 542 1210 553 1205 560 1203 609 1203 616 1205 625 1210 626 1210 627 1210 654 1205 673 1203 683 1205 697 1210 698 1210 699 1210 700 1210 701 1210 705 1206 712 1202 753 1206 773 1207 774 1207 798 1206 857 1202 880 1206 894 1208 895 1208 896 1208 897 1208 900 1206 909 1201 917 1206 918 1207 919 1207 920 1207 921 1207 922 1207 924 1206 936 1201 963 1206 969 1207 970 1208 1018 1208 1018 1207 1019 1207 1020 1207 1020 1206 1027 1202 1098 1206 1100 1189 1099 1161 1088 1153 1087 1153 1086 1153 1085 1153 1084 1153 1056 1161 1033 1154 1032 1154 1031 1154 940 1161 925 1153 924 1153 923 1153 862 1162 835 1154 834 1154 832 1154 746 1162 700 1154 699 1154 698 1154 682 1163 654 1155 653 1155 565 1155 564 1155 562 1155 552 1161 532 1155 531 1155 530 1155 529 1155 497 1164 431 1156 430 1156 429 1156 412 1164 328 1157 327 1157 326 1157 299 1165 300 1193"/></Shape>
	    <String CONTENT="tatem, rerúmque uitæ præſentis contemptum, præſer"
                    HPOS="299.0"
                    VPOS="1153.0"
                    WIDTH="801.0"
                    HEIGHT="58.0"
                    WC="0.9963248026371002"></String>
          </TextLine>
          <TextLine ID="line_21"
                    TAGREFS="LT8"
                    BASELINE="300 1243 1104 1239" 
                    HPOS="299.0"
                    VPOS="1202.0"
                    WIDTH="805.0"
                    HEIGHT="57.0">
            <Shape><Polygon POINTS="300 1254 641 1259 642 1259 643 1259 660 1252 663 1251 733 1251 738 1252 763 1257 764 1257 796 1251 799 1251 801 1251 819 1257 820 1257 821 1257 822 1257 841 1251 842 1250 904 1250 908 1250 924 1256 925 1256 926 1256 927 1256 928 1256 938 1250 1003 1250 1036 1250 1048 1256 1049 1256 1050 1257 1086 1257 1086 1256 1087 1256 1104 1249 1104 1239 1102 1211 1076 1203 1075 1203 1074 1203 1073 1203 1072 1203 1064 1211 1062 1212 1040 1212 1036 1210 1027 1204 1026 1204 1025 1204 1024 1204 1000 1207 993 1202 992 1202 991 1202 990 1202 989 1202 974 1208 967 1202 966 1202 965 1202 964 1202 925 1203 924 1203 903 1210 893 1214 753 1214 730 1210 706 1205 705 1205 704 1205 703 1205 698 1210 690 1214 678 1210 669 1205 668 1205 667 1205 666 1205 653 1208 648 1211 643 1208 631 1204 630 1204 629 1204 573 1208 498 1215 462 1214 456 1208 453 1205 452 1205 451 1205 450 1205 449 1205 436 1208 412 1215 394 1208 388 1206 387 1206 386 1206 385 1206 379 1208 362 1214 346 1208 336 1205 335 1205 334 1205 299 1207 300 1243"/></Shape>
	    <String CONTENT="tim apud cos, qui fermentum eorum nondum recæpe"
                    HPOS="299.0"
                    VPOS="1202.0"
                    WIDTH="805.0"
                    HEIGHT="57.0"
                    WC="0.9974710040904106"></String>
          </TextLine>
          <TextLine ID="line_22"
                    TAGREFS="LT8"
                    BASELINE="300 1295 1122 1289" 
                    HPOS="299.0"
                    VPOS="1250.0"
                    WIDTH="823.0"
                    HEIGHT="63.0">
            <Shape><Polygon POINTS="300 1295 300 1310 314 1313 315 1313 316 1313 323 1310 333 1304 372 1310 400 1313 401 1313 423 1309 432 1307 447 1309 483 1312 484 1312 485 1312 494 1309 504 1303 538 1307 549 1309 550 1309 551 1309 552 1309 553 1307 560 1303 583 1307 587 1307 589 1307 590 1307 591 1307 599 1302 648 1302 658 1306 667 1310 668 1310 669 1310 670 1310 683 1306 700 1302 718 1305 738 1310 739 1310 740 1310 741 1310 746 1305 752 1301 792 1305 810 1306 811 1306 812 1306 813 1306 815 1304 818 1302 822 1304 827 1310 828 1310 829 1310 830 1311 847 1311 847 1310 871 1309 872 1309 873 1309 878 1304 884 1300 913 1303 936 1306 937 1306 976 1303 1014 1300 1022 1302 1035 1307 1036 1307 1037 1307 1121 1301 1122 1289 1118 1250 1086 1259 1064 1251 1061 1250 1060 1250 1059 1250 1051 1251 1025 1256 999 1252 985 1250 984 1250 959 1253 915 1259 903 1254 895 1251 894 1251 893 1251 892 1251 886 1254 874 1261 859 1255 857 1255 856 1255 855 1255 854 1255 844 1262 759 1257 722 1255 721 1255 720 1255 719 1255 716 1259 707 1264 668 1264 663 1260 655 1253 654 1253 653 1253 652 1253 651 1253 636 1260 629 1263 582 1261 452 1254 451 1254 450 1254 449 1254 433 1264 430 1264 375 1257 374 1257 373 1257 354 1264 333 1255 332 1255 331 1255 330 1255 299 1266 300 1295"/></Shape>
	    <String CONTENT="runt, præ ſe ferunt, minime paucis, quibus zelus aliquis"
                    HPOS="299.0"
                    VPOS="1250.0"
                    WIDTH="823.0"
                    HEIGHT="63.0"
                    WC="0.9967525345938546"></String>
          </TextLine>
          <TextLine ID="line_23"
                    TAGREFS="LT8"
                    BASELINE="315 1344 1123 1339" 
                    HPOS="312.0"
                    VPOS="1297.0"
                    WIDTH="809.0"
                    HEIGHT="63.0">
            <Shape><Polygon POINTS="314 1342 314 1360 1121 1356 1118 1308 1040 1299 1015 1306 995 1297 988 1297 979 1306 954 1299 948 1299 937 1306 927 1297 868 1297 830 1310 797 1310 786 1299 638 1308 625 1299 617 1299 603 1308 583 1300 483 1300 474 1308 463 1300 455 1300 447 1308 419 1300 409 1311 377 1311 326 1300 312 1308 314 1342"/></Shape>
	    <String CONTENT="est, ſed ſcientia carens, imponunt. Nam ingeniun"
                    HPOS="312.0"
                    VPOS="1297.0"
                    WIDTH="809.0"
                    HEIGHT="63.0"
                    WC="0.9945722085734209"></String>
          </TextLine>
          <TextLine ID="eSc_line_d15da775"
                    TAGREFS="LT8"
                    BASELINE="315 1394 1111 1389" 
                    HPOS="312.0"
                    VPOS="1347.0"
                    WIDTH="798.0"
                    HEIGHT="60.0">
            <Shape><Polygon POINTS="314 1407 1109 1407 1110 1388 1109 1356 1079 1347 1077 1347 1076 1347 1074 1347 1045 1355 1015 1347 1013 1347 1012 1347 934 1355 926 1355 915 1355 829 1349 827 1349 826 1349 813 1355 808 1356 805 1353 799 1349 797 1349 796 1349 794 1349 757 1353 735 1356 632 1353 546 1350 544 1350 542 1350 541 1350 541 1352 539 1352 533 1358 312 1352 314 1392"/></Shape>
	    <String CONTENT="numanum præcipue admirari ſolet, quicquid à uulgan"
                    HPOS="312.0"
                    VPOS="1347.0"
                    WIDTH="798.0"
                    HEIGHT="60.0"
                    WC="0.9840083952043571"></String>
          </TextLine>
          <TextLine ID="eSc_line_b6afa24f"
                    TAGREFS="LT8"
                    BASELINE="315 1441 1116 1438" 
                    HPOS="312.0"
                    VPOS="1396.0"
                    WIDTH="803.0"
                    HEIGHT="64.0">
            <Shape><Polygon POINTS="314 1460 1113 1452 1115 1436 1113 1407 1087 1396 1085 1396 1084 1396 923 1405 898 1396 896 1396 894 1396 893 1396 852 1405 808 1396 807 1396 710 1407 567 1397 566 1397 564 1397 539 1407 516 1397 514 1397 513 1397 511 1397 491 1408 372 1408 345 1397 344 1397 342 1397 341 1397 312 1408 314 1439"/></Shape>
	    <String CONTENT="ratione uiuendi abhorret, etiamſi ne pilum quidem bo"
                    HPOS="312.0"
                    VPOS="1396.0"
                    WIDTH="803.0"
                    HEIGHT="64.0"
                    WC="0.9954112882797534"></String>
          </TextLine>
          <TextLine ID="line_26"
                    TAGREFS="LT8"
                    BASELINE="313 1490 1109 1488" 
                    HPOS="311.0"
                    VPOS="1447.0"
                    WIDTH="796.0"
                    HEIGHT="61.0">
            <Shape><Polygon POINTS="312 1507 1104 1508 1107 1486 1102 1447 826 1455 805 1450 791 1447 790 1447 788 1447 750 1452 704 1457 591 1453 427 1449 425 1449 423 1449 422 1449 413 1457 411 1457 406 1457 361 1449 359 1449 311 1457 312 1489"/></Shape>
	    <String CONTENT="næ frugis adferat, qua certe occaſione, Romanenſes ab"
                    HPOS="311.0"
                    VPOS="1447.0"
                    WIDTH="796.0"
                    HEIGHT="61.0"
                    WC="0.9804184841659834"></String>
          </TextLine>
          <TextLine ID="line_27"
                    TAGREFS="LT8"
                    BASELINE="297 1543 1102 1539" 
                    HPOS="296.0"
                    VPOS="1501.0"
                    WIDTH="806.0"
                    HEIGHT="53.0">
            <Shape><Polygon POINTS="297 1543 297 1554 1101 1551 1102 1539 1099 1504 1002 1511 975 1506 951 1501 950 1501 880 1508 871 1508 866 1508 830 1502 829 1502 828 1502 827 1502 820 1508 814 1513 778 1513 772 1509 762 1502 761 1502 759 1502 709 1502 708 1502 707 1502 706 1502 696 1510 673 1511 601 1513 597 1512 580 1503 579 1503 527 1503 526 1503 525 1503 496 1513 492 1515 388 1515 377 1515 322 1504 321 1504 320 1504 296 1514 297 1543"/></Shape>
	    <String CONTENT="dicantes connubium, &amp; Mahomethani uinum, &amp; Me"
                    HPOS="296.0"
                    VPOS="1501.0"
                    WIDTH="806.0"
                    HEIGHT="53.0"
                    WC="0.9883762213918897"></String>
          </TextLine>
          <TextLine ID="line_28"
                    TAGREFS="LT8"
                    BASELINE="304 1595 1119 1589" 
                    HPOS="303.0"
                    VPOS="1550.0"
                    WIDTH="816.0"
                    HEIGHT="71.0">
            <Shape><Polygon POINTS="304 1595 304 1610 365 1610 399 1620 400 1620 401 1621 438 1621 438 1620 439 1620 440 1620 454 1612 472 1618 473 1618 474 1619 549 1619 549 1618 550 1618 579 1608 609 1608 620 1614 621 1614 622 1614 623 1614 624 1614 639 1608 663 1618 664 1618 665 1618 666 1618 692 1609 734 1617 736 1618 847 1618 847 1617 894 1609 936 1616 937 1616 938 1616 939 1616 950 1608 961 1611 962 1611 963 1611 964 1611 985 1605 1031 1613 1032 1613 1033 1613 1034 1613 1048 1603 1119 1602 1119 1589 1115 1550 1093 1559 1075 1552 1074 1552 1073 1552 1072 1552 1071 1552 1061 1560 1016 1560 992 1552 984 1550 983 1550 982 1550 969 1552 940 1560 925 1553 919 1551 918 1551 917 1551 903 1554 887 1558 883 1554 879 1551 878 1551 877 1551 847 1551 846 1551 845 1551 844 1551 838 1556 828 1562 719 1562 702 1558 678 1553 677 1553 676 1553 664 1559 656 1562 622 1560 580 1557 579 1557 578 1557 570 1561 564 1563 516 1562 349 1556 348 1556 303 1565 304 1595"/></Shape>
	    <String CONTENT="nachi uſum carnium, ac rerum quarundam aliarum, it"
                    HPOS="303.0"
                    VPOS="1550.0"
                    WIDTH="816.0"
                    HEIGHT="71.0"
                    WC="0.9831416368484497"></String>
          </TextLine>
        </TextBlock>
        <TextBlock HPOS="120.0"
                   VPOS="1354.0"
                   WIDTH="168.0"
                   HEIGHT="213.0"
                   ID="block_1"
                   TAGREFS="BT990">
          <Shape><Polygon POINTS="120 1567 120 1354 288 1354 288 1567"/></Shape>
          <TextLine ID="line_24"
                    TAGREFS="LT8"
                    BASELINE="126 1395 272 1394" 
                    HPOS="123.0"
                    VPOS="1346.0"
                    WIDTH="147.0"
                    HEIGHT="65.0">
            <Shape><Polygon POINTS="125 1402 158 1411 159 1411 161 1411 197 1405 217 1402 267 1407 270 1392 265 1346 123 1350 125 1394"/></Shape>
	    <String CONTENT="Quib· a"
                    HPOS="123.0"
                    VPOS="1346.0"
                    WIDTH="147.0"
                    HEIGHT="65.0"
                    WC="0.9927566136632647"></String>
          </TextLine>
          <TextLine ID="line_25"
                    TAGREFS="LT8"
                    BASELINE="117 1442 272 1441" 
                    HPOS="114.0"
                    VPOS="1407.0"
                    WIDTH="156.0"
                    HEIGHT="50.0">
            <Shape><Polygon POINTS="115 1452 269 1457 270 1439 265 1407 114 1407 115 1441"/></Shape>
	    <String CONTENT="tibus mui"
                    HPOS="114.0"
                    VPOS="1407.0"
                    WIDTH="156.0"
                    HEIGHT="50.0"
                    WC="0.9972134033838908"></String>
          </TextLine>
          <TextLine ID="line_29"
                    TAGREFS="LT8"
                    BASELINE="121 1491 271 1492" 
                    HPOS="121.0"
                    VPOS="1450.0"
                    WIDTH="150.0"
                    HEIGHT="60.0">
            <Shape><Polygon POINTS="121 1509 136 1504 153 1507 174 1510 175 1510 176 1510 187 1504 197 1500 211 1502 234 1507 235 1507 270 1498 271 1492 270 1463 214 1450 213 1450 182 1451 181 1451 180 1451 166 1461 164 1462 161 1461 138 1451 137 1451 136 1451 135 1451 121 1458 121 1491"/></Shape>
	    <String CONTENT="do ſolcat"
                    HPOS="121.0"
                    VPOS="1450.0"
                    WIDTH="150.0"
                    HEIGHT="60.0"
                    WC="0.9995662040180631"></String>
          </TextLine>
          <TextLine ID="line_30"
                    TAGREFS="LT8"
                    BASELINE="124 1544 261 1543" 
                    HPOS="123.0"
                    VPOS="1506.0"
                    WIDTH="138.0"
                    HEIGHT="72.0">
            <Shape><Polygon POINTS="124 1544 124 1578 172 1578 173 1578 174 1578 185 1570 202 1559 213 1566 223 1570 224 1570 225 1570 226 1570 227 1570 237 1562 242 1559 260 1559 261 1543 259 1517 217 1507 216 1507 215 1507 214 1507 206 1512 192 1506 191 1506 190 1506 189 1506 188 1506 180 1512 144 1506 143 1506 142 1506 127 1513 123 1531"/></Shape>
	    <String CONTENT="impont·"
                    HPOS="123.0"
                    VPOS="1506.0"
                    WIDTH="138.0"
                    HEIGHT="72.0"
                    WC="0.9998555609158107"></String>
          </TextLine>
        </TextBlock>
        <TextBlock HPOS="992.0"
                   VPOS="1607.0"
                   WIDTH="136.0"
                   HEIGHT="58.0"
                   ID="block_2"
                   TAGREFS="BT17">
          <Shape><Polygon POINTS="1128 1607 1128 1665 992 1665 992 1607"/></Shape>
          <TextLine ID="line_31"
                    TAGREFS="LT8"
                    BASELINE="1001 1638 1122 1646" 
                    HPOS="996.0"
                    VPOS="1607.0"
                    WIDTH="125.0"
                    HEIGHT="65.0">
            <Shape><Polygon POINTS="1110 1607 1095 1607 1079 1607 1063 1607 1048 1607 1032 1607 1016 1607 1001 1607 999 1636 996 1669 1023 1672 1024 1672 1026 1672 1027 1672 1032 1669 1054 1657 1118 1668 1121 1644 1121 1607 1110 1607"/></Shape>
	    <String CONTENT="quart"
                    HPOS="996.0"
                    VPOS="1607.0"
                    WIDTH="125.0"
                    HEIGHT="65.0"
                    WC="0.9994370341300964"></String>
          </TextLine>
        </TextBlock>
      </PrintSpace>
    </Page>
  </Layout>
</alto>
