1128 1876
401 143 582 61 IN EPIST. AD EPHESIOS.

277 220 818 52 dudiat populus uerba medadte, & etiam in te credant

279 260 814 65 perpetuò. Hoc ſane, & etiam credant in te, perinde fait,

277 309 819 63 atq; ſi dixißet, ut tibi credant & uerbis tuis, agnoſcentes

275 361 816 59 te ex mandato meoloqui, fidem habeant. Sic ergo & cre¬

274 408 821 64 dere in Christo, perinde eſt atque credere Chriſto, uer¬

274 454 358 61 bisq́; eius fidem habere¬

332 538 756 37 Hoc uero ex se mox gignit fiduciam in eum, efficitq́

275 551 818 74 ut ipſum ſuſpiciamus & adoremus ſeruatorem. Nam de

275 605 818 70 ſe prædicat, qui in ſe crediderit, eum æternam uitam habe£

275 653 820 70 re, ſuſcitandumq́ à ſe in die nouißimo. Hæc qui uera a¬

272 704 818 69 gnoſcit, quod nemo niſi à ſpiritu ſancto perſuaſus poterit,

270 757 820 62 quomodo non illico omnem fiduciam ſuam in illo collocet,

268 806 826 65 atque felicitatis ſuæ autorem illum colat? Paulo itaque fi¬

268 855 828 65 des proprie perſuaſio eſt, qua mens de uerbis D O M I¬

268 905 827 65 N I nihil addubitat, perſuaſa ſcilicet à ſpiritu ſancto Hinc

268 953 827 66 liquet, Vallam illũ inimitabilem uirum, non linguarũ tan

268 1007 825 62 tum, ſed & ſcripturarum D E I proprictatem in hoc

267 1055 822 67 recte conſideraſſe, qui, quam græci τaμπιSίμ uocant,

265 1105 597 59 latinis cenſuit, perſuaſionem probe dici.

313 1154 783 63 Certe nihil aliud fuit laudata illa Abrahæ fides, ob quã

264 1212 831 52 & iuſtus Deo babitus, & credentis populi pater fuit con

264 1254 834 63 ſtitus· Deus ſiquidẽ illi promiſerat filium, & posteritatẽ

255 1299 835 64 innumeram, hoc credidit & inde iustus habitus eſt· Scri¬

263 1355 821 58 ptura ſuo idiotiſmo habet: Et credidit in Domino, Hebrai

264 1404 818 63 ce דחאיו בי חוח, quod, quid fuit aliud, quàm pro

257 1455 826 59 mittenti ſobolem Deo, habuit fidem, perſuaſus utique à

261 1504 823 70 ſpiritu dei? Non aliter ſe habet & fides, qua iuſtos uiuere

107 579 155 83 Fidutia ex

106 642 70 79 fide·

84 1244 104 71 Fides

87 1297 142 78 Abrabæ·

972 1556 114 72 Haba¬
