<?xml version="1.0" encoding="UTF-8"?>
<alto xmlns:xsi="http://www.w3.org/2001/XMLSchema-instance"
      xmlns="http://www.loc.gov/standards/alto/ns-v4#"
      xsi:schemaLocation="http://www.loc.gov/standards/alto/ns-v4# http://www.loc.gov/standards/alto/v4/alto-4-2.xsd">
  <Description>
    <MeasurementUnit>pixel</MeasurementUnit>
    <sourceImageInformation>
      <fileName>bsb00035303_00018.jpg</fileName>
    </sourceImageInformation>
  </Description>
  <Tags>
    <OtherTag ID="BT7" LABEL="CustomZone" DESCRIPTION="block type CustomZone"/><OtherTag ID="BT8" LABEL="DamageZone" DESCRIPTION="block type DamageZone"/><OtherTag ID="BT9" LABEL="DigitizationArtefactZone" DESCRIPTION="block type DigitizationArtefactZone"/><OtherTag ID="BT10" LABEL="DropCapitalZone" DESCRIPTION="block type DropCapitalZone"/><OtherTag ID="BT11" LABEL="GraphicZone" DESCRIPTION="block type GraphicZone"/><OtherTag ID="BT12" LABEL="MainZone" DESCRIPTION="block type MainZone"/><OtherTag ID="BT13" LABEL="MarginTextZone" DESCRIPTION="block type MarginTextZone"/><OtherTag ID="BT14" LABEL="MusicZone" DESCRIPTION="block type MusicZone"/><OtherTag ID="BT15" LABEL="NumberingZone" DESCRIPTION="block type NumberingZone"/><OtherTag ID="BT17" LABEL="QuireMarksZone" DESCRIPTION="block type QuireMarksZone"/><OtherTag ID="BT18" LABEL="RunningTitleZone" DESCRIPTION="block type RunningTitleZone"/><OtherTag ID="BT19" LABEL="SealZone" DESCRIPTION="block type SealZone"/><OtherTag ID="BT20" LABEL="StampZone" DESCRIPTION="block type StampZone"/><OtherTag ID="BT21" LABEL="TableZone" DESCRIPTION="block type TableZone"/><OtherTag ID="BT22" LABEL="TitlePageZone" DESCRIPTION="block type TitlePageZone"/><OtherTag ID="BT985" LABEL="MainZone-Other" DESCRIPTION="block type MainZone-Other"/><OtherTag ID="BT986" LABEL="MainZone-Signature" DESCRIPTION="block type MainZone-Signature"/><OtherTag ID="BT987" LABEL="MainZone-Head" DESCRIPTION="block type MainZone-Head"/><OtherTag ID="BT988" LABEL="MainZone-P" DESCRIPTION="block type MainZone-P"/><OtherTag ID="BT989" LABEL="MainZone-P-Continued" DESCRIPTION="block type MainZone-P-Continued"/><OtherTag ID="BT990" LABEL="MarginTextZone-Notes" DESCRIPTION="block type MarginTextZone-Notes"/><OtherTag ID="BT991" LABEL="MainZone-Lg" DESCRIPTION="block type MainZone-Lg"/>
    <OtherTag ID="LT7" LABEL="CustomLine" DESCRIPTION="line type CustomLine"/><OtherTag ID="LT8" LABEL="DefaultLine" DESCRIPTION="line type DefaultLine"/><OtherTag ID="LT9" LABEL="DropCapitalLine" DESCRIPTION="line type DropCapitalLine"/><OtherTag ID="LT10" LABEL="HeadingLine" DESCRIPTION="line type HeadingLine"/><OtherTag ID="LT11" LABEL="InterlinearLine" DESCRIPTION="line type InterlinearLine"/><OtherTag ID="LT12" LABEL="MusicLine" DESCRIPTION="line type MusicLine"/>
  </Tags>
  <Layout>
    <Page WIDTH="1128"
          HEIGHT="1876"
          PHYSICAL_IMG_NR="17"
          ID="eSc_dummypage_">
      <PrintSpace HPOS="0"
                  VPOS="0"
                  WIDTH="1128"
                  HEIGHT="1876">
        <TextBlock HPOS="391"
                   VPOS="149"
                   WIDTH="562"
                   HEIGHT="51"
                   ID="block_7"
                   TAGREFS="BT18">
          <Shape><Polygon POINTS="953 149 953 200 391 200 391 149"/></Shape>
          <TextLine ID="line_0"
                    TAGREFS="LT10"
                    BASELINE="387 191 948 182" 
                    HPOS="386"
                    VPOS="156"
                    WIDTH="562"
                    HEIGHT="40">
            <Shape><Polygon POINTS="928 156 918 156 908 156 897 156 887 156 876 156 866 156 855 156 845 156 835 156 824 156 814 156 803 156 793 156 782 156 772 156 762 156 751 156 741 156 730 156 720 156 709 156 702 159 697 156 689 156 678 156 668 156 657 156 647 156 636 156 628 156 623 160 614 156 605 156 595 156 584 156 574 156 564 156 553 156 543 156 532 156 522 156 511 156 501 156 491 156 480 156 470 156 459 156 454 156 445 164 443 164 419 156 418 156 407 174 405 159 401 164 401 165 386 165 387 191 387 196 947 192 948 182 946 156 939 156"/></Shape>
	    <String CONTENT="D. PAVLI AD EPHESIOS"
                    HPOS="386"
                    VPOS="156"
                    WIDTH="562"
                    HEIGHT="40"
                    WC="0.9993608921766282"></String>
          </TextLine>
        </TextBlock>
        <TextBlock HPOS="245"
                   VPOS="217"
                   WIDTH="842"
                   HEIGHT="253"
                   ID="block_0"
                   TAGREFS="BT988">
          <Shape><Polygon POINTS="1087 217 1087 463 245 470 246 217"/></Shape>
          <TextLine ID="line_1"
                    TAGREFS="LT8"
                    BASELINE="304 261 812 253 1082 254" 
                    HPOS="303"
                    VPOS="226"
                    WIDTH="779"
                    HEIGHT="51">
            <Shape><Polygon POINTS="1064 226 1053 226 1043 226 1033 226 1022 226 1012 226 1001 226 991 226 981 226 970 226 960 226 949 226 939 226 928 226 918 226 908 226 897 226 887 226 876 226 866 226 855 226 845 226 835 226 824 226 814 226 803 226 793 226 782 226 772 226 762 226 751 226 741 226 730 226 720 226 709 226 705 226 699 227 692 226 689 226 678 226 668 226 657 226 647 226 641 228 607 226 605 226 595 226 584 226 574 226 564 226 557 226 554 229 532 226 522 226 511 226 508 226 505 229 454 226 449 226 438 226 428 226 423 226 347 231 303 227 304 261 304 270 388 277 389 277 434 276 435 276 436 276 445 269 447 268 449 269 462 276 463 276 464 276 466 276 467 276 476 269 479 267 495 269 545 275 546 275 547 275 571 268 579 266 604 267 675 273 676 273 721 266 740 264 773 266 818 268 819 268 842 265 857 263 867 265 892 270 893 270 894 270 909 264 915 262 921 264 933 268 934 268 935 268 936 268 946 264 949 263 955 264 983 268 984 268 1081 262 1082 254 1081 226 1074 226"/></Shape>
	    <String CONTENT="Qui prædeſtinauit pridem nos, ut in filios"
                    HPOS="303"
                    VPOS="226"
                    WIDTH="779"
                    HEIGHT="51"
                    WC="0.9795059902327401"></String>
          </TextLine>
          <TextLine ID="line_2"
                    TAGREFS="LT8"
                    BASELINE="256 311 839 301 1082 302" 
                    HPOS="255"
                    VPOS="258"
                    WIDTH="827"
                    HEIGHT="68">
            <Shape><Polygon POINTS="256 311 256 322 326 326 327 326 374 319 381 319 383 319 395 324 396 324 397 324 398 324 399 324 405 319 410 316 515 317 609 318 610 318 626 315 639 313 669 314 750 319 751 319 779 313 788 311 795 312 825 318 826 318 880 311 883 311 895 316 896 316 897 316 898 316 899 316 906 310 909 309 915 310 937 315 938 315 939 315 955 310 1027 315 1028 315 1081 307 1082 302 1080 268 964 268 962 267 953 261 952 261 951 261 917 258 916 258 915 258 891 267 885 270 879 267 863 259 862 259 824 259 823 259 776 267 748 273 719 267 684 261 683 261 682 261 665 267 650 273 641 267 634 263 633 263 632 263 609 262 608 262 607 262 593 267 581 272 573 267 568 264 567 264 566 264 551 267 530 272 504 267 497 266 496 266 495 266 491 267 463 275 427 268 426 268 425 268 408 278 322 279 300 267 299 267 255 267 256 311"/></Shape>
	    <String CONTENT="ſibi, per IESVM Chriſtũ, ex dignatione uo¬"
                    HPOS="255"
                    VPOS="258"
                    WIDTH="827"
                    HEIGHT="68"
                    WC="0.9949391609014466"></String>
          </TextLine>
          <TextLine ID="line_3"
                    TAGREFS="LT8"
                    BASELINE="259 360 1081 348" 
                    HPOS="258"
                    VPOS="311"
                    WIDTH="823"
                    HEIGHT="65">
            <Shape><Polygon POINTS="259 360 259 368 314 376 315 376 357 368 374 374 375 374 376 374 417 367 418 367 579 372 580 372 581 372 600 364 602 364 616 364 732 369 733 369 734 369 747 363 748 362 755 362 804 368 805 368 835 361 838 361 841 361 861 367 862 367 863 367 903 361 910 360 915 361 940 365 941 365 1081 358 1081 348 1077 318 943 318 942 318 933 311 932 311 930 311 874 311 873 311 872 311 857 318 853 321 843 318 806 312 805 312 804 312 786 319 785 319 668 324 646 319 624 315 623 315 622 315 605 319 601 321 574 319 507 317 506 317 505 317 504 317 500 321 491 327 457 327 446 321 442 318 440 318 439 318 428 321 391 328 347 321 342 321 341 321 258 321 259 360"/></Shape>
	    <String CONTENT="luntatis ſuæ adoptaret, quo gloria beneuo¬"
                    HPOS="258"
                    VPOS="311"
                    WIDTH="823"
                    HEIGHT="65"
                    WC="0.998969860020138"></String>
          </TextLine>
          <TextLine ID="line_4"
                    TAGREFS="LT8"
                    BASELINE="259 408 703 400 1081 398" 
                    HPOS="258"
                    VPOS="360"
                    WIDTH="823"
                    HEIGHT="62">
            <Shape><Polygon POINTS="259 408 259 417 356 422 357 422 358 422 359 422 365 416 368 415 378 416 413 422 414 422 415 422 437 416 445 414 455 415 487 421 488 421 515 415 525 413 609 414 746 415 747 415 748 415 756 412 763 410 768 412 778 416 779 416 780 416 781 416 800 412 812 409 824 411 845 415 846 415 1081 408 1081 398 1079 366 998 361 997 361 957 366 944 367 938 366 917 361 916 361 915 361 914 361 913 361 905 366 903 367 897 366 865 360 864 360 836 366 835 366 834 366 812 360 811 360 810 360 808 360 783 366 771 369 758 366 733 361 732 361 731 361 730 361 730 362 725 366 705 362 704 362 682 366 671 369 663 367 654 364 653 364 652 364 651 364 644 367 635 371 629 367 622 363 621 363 580 363 579 363 578 363 570 367 561 371 532 367 505 364 504 364 503 364 502 364 499 367 491 375 468 375 457 367 455 365 454 365 453 365 415 365 414 365 413 365 408 367 390 376 330 376 258 368 259 408"/></Shape>
	    <String CONTENT="lentiæ eius celebris in nobis eſſet, qua nos pro"
                    HPOS="258"
                    VPOS="360"
                    WIDTH="823"
                    HEIGHT="62"
                    WC="0.9935158106187979"></String>
          </TextLine>
          <TextLine ID="line_5"
                    TAGREFS="LT8"
                    BASELINE="262 459 410 453 872 447" 
                    HPOS="261"
                    VPOS="406"
                    WIDTH="611"
                    HEIGHT="66">
            <Shape><Polygon POINTS="262 459 262 472 336 464 374 470 387 472 388 472 389 472 390 472 393 470 398 464 454 462 482 466 500 470 501 470 502 470 512 465 527 461 582 464 634 466 635 466 636 466 654 462 661 460 664 461 671 466 672 466 673 466 674 467 706 467 706 466 707 466 708 466 708 465 715 460 716 458 736 458 764 458 764 459 770 464 770 465 771 465 772 465 773 465 774 465 803 458 825 464 826 464 827 464 828 464 829 464 840 456 842 456 872 456 872 447 870 416 855 416 846 407 846 406 845 406 844 406 843 406 842 406 841 406 823 416 775 407 774 407 773 407 753 416 731 412 730 412 729 412 703 418 702 420 691 420 691 418 681 410 681 409 680 409 679 409 651 409 650 409 649 409 648 409 648 410 639 420 639 421 630 421 621 421 614 413 614 412 612 412 611 412 610 412 609 412 608 412 597 421 559 421 551 412 551 411 550 411 549 411 548 411 547 411 528 417 466 412 464 412 463 412 462 412 462 413 451 423 433 417 432 417 431 417 410 422 390 413 389 413 388 413 354 414 353 414 324 425 288 417 287 417 286 417 261 426 262 459"/></Shape>
	    <String CONTENT="pter illum dilectum, dignatus eſt."
                    HPOS="261"
                    VPOS="406"
                    WIDTH="611"
                    HEIGHT="66"
                    WC="0.9983385590945973"></String>
          </TextLine>
        </TextBlock>
        <TextBlock HPOS="249"
                   VPOS="466"
                   WIDTH="841"
                   HEIGHT="343"
                   ID="block_1"
                   TAGREFS="BT988">
          <Shape><Polygon POINTS="1090 466 1090 809 249 809 249 802 249 470"/></Shape>
          <TextLine ID="line_6"
                    TAGREFS="LT8"
                    BASELINE="307 505 1085 492" 
                    HPOS="306"
                    VPOS="485"
                    WIDTH="779"
                    HEIGHT="36">
            <Shape><Polygon POINTS="1077 485 1067 485 1057 485 1046 485 1036 485 1025 485 1015 485 1004 485 994 485 984 485 973 485 963 485 952 485 942 485 932 485 921 485 911 485 900 485 890 485 879 485 869 485 859 485 848 485 838 485 827 485 817 485 806 485 796 485 786 485 775 485 765 485 754 485 744 485 736 485 733 485 723 485 713 485 702 485 692 485 682 485 680 486 676 485 671 485 660 485 650 485 640 485 629 485 619 485 608 485 603 485 581 487 575 485 567 485 556 485 552 488 528 485 525 485 515 485 504 485 494 485 483 485 476 485 451 489 442 485 431 485 421 485 410 485 400 485 389 485 382 485 366 491 306 486 307 505 307 514 368 521 369 521 370 521 393 514 415 521 417 521 418 521 419 521 436 513 437 513 493 520 494 520 530 512 554 519 555 519 556 519 557 519 571 511 572 511 575 511 629 517 630 517 631 517 656 511 677 516 678 516 679 516 680 516 694 509 696 509 703 509 758 515 759 515 761 515 773 508 774 508 779 508 823 514 824 514 825 514 846 508 849 507 866 507 960 511 961 511 962 511 982 506 987 505 991 506 1018 511 1019 511 1085 504 1085 492 1083 485 1077 485"/></Shape>
	    <String CONTENT="Per  quem, ſatisiacieſte pro nobis ſangui¬"
                    HPOS="306"
                    VPOS="485"
                    WIDTH="779"
                    HEIGHT="36"></String>
          </TextLine>
          <TextLine ID="line_7"
                    TAGREFS="LT8"
                    BASELINE="257 557 573 548 1085 541" 
                    HPOS="256"
                    VPOS="504"
                    WIDTH="829"
                    HEIGHT="66">
            <Shape><Polygon POINTS="257 557 257 570 376 563 422 568 430 568 431 568 432 568 434 566 450 561 498 565 499 565 500 565 501 565 502 565 507 560 523 564 524 564 525 564 651 558 669 563 672 563 673 563 674 563 675 563 678 562 697 557 737 561 745 562 746 562 758 561 812 555 850 559 857 560 859 560 870 559 918 554 1084 555 1085 541 1083 510 988 504 987 504 986 504 985 504 973 511 972 511 963 511 863 508 862 508 861 508 850 513 849 513 831 513 741 510 740 510 717 514 712 515 701 515 642 510 641 510 640 510 621 516 616 517 583 516 521 514 520 514 500 517 489 520 482 517 466 513 464 513 463 513 462 513 461 513 455 519 453 520 450 519 436 513 435 513 434 513 407 519 398 521 376 520 312 515 311 515 256 521 257 557"/></Shape>
	    <String CONTENT="ne illius, habemus redemptionem, remiſſio¬"
                    HPOS="256"
                    VPOS="504"
                    WIDTH="829"
                    HEIGHT="66"
                    WC="0.9902231891949972"></String>
          </TextLine>
          <TextLine ID="line_8"
                    TAGREFS="LT8"
                    BASELINE="258 606 567 597 1085 590" 
                    HPOS="257"
                    VPOS="552"
                    WIDTH="828"
                    HEIGHT="68">
            <Shape><Polygon POINTS="258 606 258 618 306 620 307 620 336 616 384 610 468 613 489 613 491 613 492 613 495 612 505 608 532 611 566 615 567 615 568 615 579 610 587 607 595 610 602 612 603 612 604 612 647 609 680 606 705 607 773 611 774 611 775 611 791 605 792 605 808 611 810 611 811 611 812 611 825 604 826 604 828 604 852 610 853 610 854 610 900 603 908 602 917 602 997 608 998 608 1084 598 1085 590 1084 559 1063 552 1062 552 1061 552 997 553 996 553 995 553 985 560 985 561 963 561 889 561 875 556 874 556 873 556 872 556 871 556 863 562 814 556 813 556 752 564 750 565 633 566 616 566 566 560 565 560 564 560 542 568 528 562 527 562 526 562 525 562 524 562 519 568 513 563 512 563 511 563 510 563 430 570 412 563 411 563 410 563 409 563 408 563 400 570 340 565 339 565 257 573 258 606"/></Shape>
	    <String CONTENT="nem nimirum peccatorum· Idq ex ampliſſi¬"
                    HPOS="257"
                    VPOS="552"
                    WIDTH="828"
                    HEIGHT="68"></String>
          </TextLine>
          <TextLine ID="line_9"
                    TAGREFS="LT8"
                    BASELINE="256 655 481 647 1082 639" 
                    HPOS="255"
                    VPOS="602"
                    WIDTH="827"
                    HEIGHT="65">
            <Shape><Polygon POINTS="256 655 256 660 319 667 320 667 377 659 393 658 412 659 468 663 469 663 470 663 471 663 476 659 478 658 487 659 519 661 520 661 537 658 551 656 592 658 665 661 666 661 724 657 747 655 764 656 795 659 796 659 797 659 798 659 803 656 808 653 850 655 865 656 866 656 867 656 868 656 869 655 876 651 1080 653 1082 639 1079 602 1042 607 1024 603 1021 602 1020 602 1019 602 1018 602 1015 603 999 609 950 604 935 603 934 603 915 605 866 611 847 606 841 605 840 605 839 605 826 607 796 612 756 608 730 606 729 606 728 606 716 609 700 613 594 612 460 610 459 610 458 610 446 615 439 618 407 616 335 612 334 612 333 612 316 619 313 619 308 619 268 613 267 613 266 613 255 618 256 655"/></Shape>
	    <String CONTENT="ma beneuolentia eius, quam ubertim nobis"
                    HPOS="255"
                    VPOS="602"
                    WIDTH="827"
                    HEIGHT="65"
                    WC="0.989142444729805"></String>
          </TextLine>
          <TextLine ID="line_10"
                    TAGREFS="LT8"
                    BASELINE="259 702 1084 687" 
                    HPOS="258"
                    VPOS="650"
                    WIDTH="826"
                    HEIGHT="67">
            <Shape><Polygon POINTS="259 702 259 708 316 717 317 717 384 707 385 707 434 714 435 714 436 714 457 707 486 713 487 713 576 704 578 704 590 709 591 709 592 709 747 701 763 701 769 701 844 707 845 707 846 707 847 707 847 706 852 701 887 699 916 698 925 699 953 702 954 702 955 702 970 698 975 697 977 698 986 704 987 704 988 704 989 705 1020 705 1020 704 1084 696 1084 687 1081 657 1012 657 1011 657 966 650 965 650 964 650 938 658 937 658 909 651 908 651 906 651 855 659 846 660 837 659 789 653 788 653 787 653 769 660 768 660 767 660 747 654 746 654 745 654 744 654 743 654 734 660 734 661 699 662 666 661 560 657 559 657 558 657 545 662 541 664 532 663 508 658 507 658 506 658 505 658 498 663 493 667 458 663 418 660 417 660 386 664 364 668 359 664 354 661 353 661 352 661 351 661 350 661 342 665 337 668 258 667 259 702"/></Shape>
	    <String CONTENT="impartiuit, donatis omni ſapientia &amp; pru¬"
                    HPOS="258"
                    VPOS="650"
                    WIDTH="826"
                    HEIGHT="67"
                    WC="0.9860861301422119"></String>
          </TextLine>
          <TextLine ID="line_11"
                    TAGREFS="LT8"
                    BASELINE="260 749 1084 736" 
                    HPOS="259"
                    VPOS="698"
                    WIDTH="825"
                    HEIGHT="65">
            <Shape><Polygon POINTS="260 749 260 759 389 758 404 759 444 763 445 763 473 758 488 756 502 758 523 762 524 762 525 762 535 758 543 754 606 754 635 757 666 760 667 760 668 760 669 760 674 756 680 753 706 756 731 759 732 759 758 756 774 754 815 755 875 757 876 757 877 757 885 754 896 749 945 749 972 754 982 755 983 755 1084 752 1084 736 1082 707 998 707 987 698 986 698 985 698 966 698 965 698 964 698 938 708 884 699 883 699 881 699 847 709 791 701 790 701 698 711 672 702 671 702 670 702 603 703 602 703 601 703 589 712 572 704 571 704 570 704 526 713 486 705 485 705 484 705 462 717 388 717 361 707 360 707 359 707 358 707 325 718 284 708 283 708 282 708 259 718 260 749"/></Shape>
	    <String CONTENT="dentia, poſtquã uidelicet ex ſingulari digna¬"
                    HPOS="259"
                    VPOS="698"
                    WIDTH="825"
                    HEIGHT="65"></String>
          </TextLine>
          <TextLine ID="line_12"
                    TAGREFS="LT8"
                    BASELINE="263 799 1084 785" 
                    HPOS="262"
                    VPOS="749"
                    WIDTH="822"
                    HEIGHT="63">
            <Shape><Polygon POINTS="263 799 263 812 378 812 378 811 379 811 383 810 398 806 432 809 451 811 452 811 453 811 459 809 474 805 497 809 507 810 508 810 509 810 512 808 522 804 560 808 575 809 576 809 577 809 578 809 579 808 585 803 611 807 612 807 614 807 618 807 705 801 787 805 794 805 795 805 796 805 797 805 816 800 827 805 828 805 829 805 830 805 839 804 895 798 1082 801 1084 785 1082 757 1020 749 1019 749 1018 749 1017 749 1010 754 911 753 910 753 909 753 908 753 901 758 879 752 878 752 877 752 849 758 832 752 831 752 830 752 829 752 804 760 718 756 717 756 716 756 693 761 660 755 659 755 658 755 625 763 585 759 584 759 550 764 517 757 516 757 515 757 513 757 513 758 504 766 473 761 472 761 471 761 448 767 411 759 410 759 373 769 262 770 263 799"/></Shape>
	    <String CONTENT="tione notam fecit arcanam uoluntatẽ ſuam."
                    HPOS="262"
                    VPOS="749"
                    WIDTH="822"
                    HEIGHT="63"
                    WC="0.980915150472096"></String>
          </TextLine>
        </TextBlock>
        <TextBlock HPOS="233"
                   VPOS="808"
                   WIDTH="858"
                   HEIGHT="245"
                   ID="block_4"
                   TAGREFS="BT988">
          <Shape><Polygon POINTS="1091 808 1091 1048 240 1053 233 815"/></Shape>
          <TextLine ID="line_13"
                    TAGREFS="LT8"
                    BASELINE="306 848 1083 832" 
                    HPOS="305"
                    VPOS="798"
                    WIDTH="778"
                    HEIGHT="62">
            <Shape><Polygon POINTS="597 842 586 842 576 842 566 842 555 842 545 842 534 842 524 842 513 842 503 842 493 844 482 844 472 844 461 844 451 844 440 844 430 844 420 844 409 844 399 844 388 844 378 844 368 844 357 844 347 844 336 844 326 844 315 844 305 844 306 848 306 856 407 860 408 860 565 851 1022 848 1083 841 1083 832 1080 798 1028 809 1011 801 1007 799 1006 799 1004 799 985 802 944 808 913 805 884 802 883 802 881 802 861 807 849 810 844 808 836 804 835 804 834 804 832 804 812 809 811 809 782 803 781 803 780 803 779 803 769 810 745 804 744 804 743 804 667 805 666 805 665 805 656 811 625 807 624 807 623 807 622 807 604 819 600 821 597 842"/></Shape>
	    <String CONTENT="Qua propoſuerat, dum ex certa rerum o¬"
                    HPOS="305"
                    VPOS="798"
                    WIDTH="778"
                    HEIGHT="62"></String>
          </TextLine>
          <TextLine ID="line_14"
                    TAGREFS="LT8"
                    BASELINE="261 896 1086 883" 
                    HPOS="260"
                    VPOS="845"
                    WIDTH="826"
                    HEIGHT="64">
            <Shape><Polygon POINTS="261 896 261 909 1086 894 1086 883 1083 852 1049 853 1045 852 1034 847 1033 847 1032 847 999 852 984 854 977 852 961 845 960 845 959 845 958 845 957 845 947 852 943 855 906 852 887 851 886 851 885 851 880 852 870 856 861 852 845 847 844 847 843 847 740 848 673 850 672 850 664 853 654 857 636 853 624 851 623 851 622 851 614 853 596 860 572 860 558 854 556 853 555 853 554 853 545 854 486 861 471 854 466 852 464 852 463 852 433 853 432 853 431 853 430 854 419 862 332 859 331 859 330 859 329 859 323 866 281 866 260 855 261 896"/></Shape>
	    <String CONTENT="mnium &amp; temporum diſpẽſatione, ſtatutũ"
                    HPOS="260"
                    VPOS="845"
                    WIDTH="826"
                    HEIGHT="64"
                    WC="0.9880322486162185"></String>
          </TextLine>
          <TextLine ID="line_15"
                    TAGREFS="LT8"
                    BASELINE="261 946 722 935 1084 935" 
                    HPOS="260"
                    VPOS="894"
                    WIDTH="824"
                    HEIGHT="66">
            <Shape><Polygon POINTS="261 946 261 960 322 954 378 958 379 958 380 958 393 953 414 958 415 958 417 958 418 958 419 958 427 952 464 958 473 959 474 959 484 958 528 951 547 957 550 958 551 958 552 958 633 957 642 956 676 949 701 955 705 956 706 956 707 956 716 955 751 949 786 953 787 953 788 953 789 953 799 947 843 951 844 951 870 946 957 952 963 952 964 952 965 952 966 952 975 945 1016 944 1083 950 1084 935 1083 900 1010 894 1009 894 1008 894 1007 894 998 900 993 903 930 900 912 900 911 900 910 900 908 901 892 905 840 901 787 897 786 897 785 897 774 901 761 908 728 908 720 902 715 898 714 898 713 898 712 898 643 899 642 899 634 902 621 909 571 903 570 903 569 903 568 903 526 911 440 911 423 905 422 905 421 905 420 905 404 914 333 914 260 905 261 946"/></Shape>
	    <String CONTENT="huius tempus appetijſſet, inſtaurare per illũ,"
                    HPOS="260"
                    VPOS="894"
                    WIDTH="824"
                    HEIGHT="66"
                    WC="0.9975531494363825"></String>
          </TextLine>
          <TextLine ID="line_16"
                    TAGREFS="LT8"
                    BASELINE="261 995 698 984 1084 981" 
                    HPOS="260"
                    VPOS="941"
                    WIDTH="824"
                    HEIGHT="69">
            <Shape><Polygon POINTS="261 995 261 1010 298 1004 370 1010 378 1010 379 1010 380 1010 381 1010 393 1002 403 1007 404 1007 405 1007 406 1007 417 1002 469 1007 470 1007 528 999 567 1005 568 1005 569 1005 582 998 608 1006 609 1006 610 1006 611 1006 612 1006 614 1006 630 997 680 1001 681 1001 752 995 765 1003 766 1003 767 1003 768 1004 813 1004 813 1003 814 1003 815 1003 831 994 875 993 898 1001 899 1001 900 1001 901 1001 928 993 976 1000 978 1000 979 1000 981 1000 993 995 1083 998 1084 981 1081 941 1033 951 1002 951 987 943 984 942 983 942 982 942 981 942 976 943 958 951 902 946 874 943 873 943 872 943 871 943 866 947 857 952 850 947 849 947 848 947 847 947 844 947 812 954 803 948 800 946 799 946 798 946 797 946 796 946 790 949 786 950 778 949 752 945 751 945 750 945 732 950 719 954 697 951 665 947 664 947 663 947 661 947 652 953 647 956 643 953 639 949 638 949 636 949 635 949 612 954 596 957 573 955 554 953 553 953 552 953 551 953 548 955 545 958 538 956 521 949 520 949 519 949 489 950 488 950 487 950 478 957 478 958 475 957 447 950 446 950 445 950 420 951 419 951 418 951 407 959 405 961 260 964 261 995"/></Shape>
	    <String CONTENT="nempe Chriſtum, uniuerſa, per hunc inquã"
                    HPOS="260"
                    VPOS="941"
                    WIDTH="824"
                    HEIGHT="69"
                    WC="0.9989866541653145"></String>
          </TextLine>
          <TextLine ID="line_17"
                    TAGREFS="LT8"
                    BASELINE="263 1044 667 1033 1030 1029" 
                    HPOS="262"
                    VPOS="992"
                    WIDTH="768"
                    HEIGHT="65">
            <Shape><Polygon POINTS="263 1044 263 1052 354 1052 368 1057 369 1057 370 1057 371 1057 397 1051 398 1051 420 1056 421 1056 422 1056 423 1056 424 1056 433 1050 434 1050 444 1050 528 1053 529 1053 578 1047 585 1047 595 1047 691 1051 692 1051 725 1045 743 1050 744 1050 745 1050 785 1044 797 1049 798 1049 799 1049 893 1047 894 1047 909 1041 911 1041 959 1046 960 1046 961 1046 962 1046 972 1040 973 1039 1030 1038 1030 1029 1028 997 1022 992 1021 992 1020 992 1019 992 981 998 962 994 961 994 960 994 959 994 958 994 958 995 952 1000 951 1000 942 1000 867 995 866 995 865 995 845 1001 841 1003 724 1004 718 1003 699 998 698 998 697 998 696 998 676 1004 671 1005 666 1004 652 999 651 999 650 999 649 999 635 1004 634 1004 628 1004 530 1001 529 1001 528 1001 517 1006 511 1009 262 1009 263 1044"/></Shape>
	    <String CONTENT="tam quæ in cælo ſunt, quam quæ in terra."
                    HPOS="262"
                    VPOS="992"
                    WIDTH="768"
                    HEIGHT="65"
                    WC="0.9981790781021118"></String>
          </TextLine>
        </TextBlock>
        <TextBlock HPOS="235"
                   VPOS="1047"
                   WIDTH="858"
                   HEIGHT="392"
                   ID="block_2"
                   TAGREFS="BT988">
          <Shape><Polygon POINTS="1093 1047 1093 1439 235 1430 238 1059"/></Shape>
          <TextLine ID="line_18"
                    TAGREFS="LT8"
                    BASELINE="310 1092 574 1083 1085 1078" 
                    HPOS="310"
                    VPOS="1037"
                    WIDTH="775"
                    HEIGHT="66">
            <Shape><Polygon POINTS="330 1091 320 1091 310 1091 310 1092 310 1097 379 1103 380 1103 449 1102 450 1102 451 1102 451 1101 456 1097 457 1096 467 1097 510 1101 511 1101 512 1101 530 1096 537 1095 549 1096 580 1100 581 1100 602 1096 614 1094 655 1096 709 1098 710 1098 712 1098 721 1095 730 1093 857 1095 906 1095 908 1095 915 1094 957 1089 1084 1093 1085 1078 1084 1051 1057 1037 1056 1037 1023 1037 1022 1037 1021 1037 1020 1037 1006 1049 981 1038 979 1038 961 1038 960 1038 959 1038 929 1051 903 1040 902 1040 901 1040 843 1049 817 1040 816 1040 815 1040 814 1040 789 1052 744 1041 743 1041 742 1041 741 1041 740 1041 724 1052 687 1047 685 1047 684 1047 683 1047 674 1055 630 1043 629 1043 628 1043 543 1049 523 1044 522 1044 521 1044 520 1044 491 1056 479 1052 478 1052 477 1052 448 1058 435 1053 434 1053 433 1053 432 1053 419 1059 370 1055 369 1055 336 1060 330 1091"/></Shape>
	    <String CONTENT="Per quem &amp; in ſortem ſanctorum aſciti ſu"
                    HPOS="310"
                    VPOS="1037"
                    WIDTH="775"
                    HEIGHT="66"
                    WC="0.9951065480709076"></String>
          </TextLine>
          <TextLine ID="line_19"
                    TAGREFS="LT8"
                    BASELINE="261 1141 626 1131 1086 1127" 
                    HPOS="260"
                    VPOS="1092"
                    WIDTH="826"
                    HEIGHT="63">
            <Shape><Polygon POINTS="1073 1092 1065 1092 1052 1096 995 1092 990 1092 979 1092 976 1092 968 1098 912 1098 872 1092 865 1092 854 1092 844 1092 841 1092 834 1093 811 1096 783 1094 751 1092 750 1092 749 1092 739 1095 721 1101 655 1097 589 1094 587 1094 586 1094 585 1094 578 1099 572 1104 543 1104 536 1100 523 1095 522 1095 521 1095 470 1102 447 1105 429 1103 383 1098 382 1098 381 1098 380 1098 372 1105 369 1107 260 1107 261 1141 261 1147 323 1155 324 1155 325 1155 339 1149 391 1154 393 1154 394 1154 408 1147 455 1150 456 1150 457 1150 458 1150 463 1145 464 1145 468 1145 511 1149 512 1149 611 1143 622 1143 623 1143 643 1150 644 1150 645 1150 646 1150 671 1142 674 1142 678 1142 718 1149 719 1149 720 1149 741 1142 744 1141 749 1142 788 1148 789 1148 790 1148 810 1141 811 1140 886 1139 888 1140 896 1145 897 1145 898 1145 899 1145 944 1139 955 1138 964 1139 998 1145 999 1145 1086 1137 1086 1127 1082 1092 1073 1092"/></Shape>
	    <String CONTENT="mus, præordinati iuxta propoſitum eius, qui"
                    HPOS="260"
                    VPOS="1092"
                    WIDTH="826"
                    HEIGHT="63"
                    WC="0.9912870706513871"></String>
          </TextLine>
          <TextLine ID="line_20"
                    TAGREFS="LT8"
                    BASELINE="262 1188 1086 1174" 
                    HPOS="261"
                    VPOS="1136"
                    WIDTH="825"
                    HEIGHT="64">
            <Shape><Polygon POINTS="262 1188 262 1199 489 1200 491 1200 553 1194 580 1192 611 1193 697 1197 698 1197 727 1191 733 1190 749 1191 823 1195 824 1195 825 1195 826 1195 835 1189 836 1188 843 1189 874 1194 875 1194 876 1194 900 1188 904 1187 905 1188 912 1193 913 1193 914 1193 915 1193 916 1193 930 1187 932 1187 934 1187 955 1193 957 1193 958 1193 959 1193 974 1186 976 1186 983 1186 1025 1191 1026 1191 1085 1183 1086 1174 1084 1136 1055 1136 1053 1136 1052 1136 1050 1136 1021 1146 996 1138 993 1137 992 1137 991 1137 990 1137 985 1138 949 1147 900 1142 899 1142 898 1142 897 1142 890 1148 865 1142 854 1139 853 1139 852 1139 851 1139 844 1142 829 1150 742 1150 733 1145 727 1141 726 1141 725 1141 724 1141 675 1142 674 1142 673 1142 667 1147 660 1152 641 1152 616 1149 578 1143 577 1143 525 1151 510 1153 496 1152 471 1150 470 1150 469 1150 457 1153 450 1155 445 1153 423 1146 422 1146 421 1146 420 1146 400 1154 351 1148 350 1148 261 1158 262 1188"/></Shape>
	    <String CONTENT="cuncta ubique efficit, &amp; beneuolum arbitri¬"
                    HPOS="261"
                    VPOS="1136"
                    WIDTH="825"
                    HEIGHT="64"
                    WC="0.9989532357038453"></String>
          </TextLine>
          <TextLine ID="line_21"
                    TAGREFS="LT8"
                    BASELINE="264 1238 1087 1224" 
                    HPOS="264"
                    VPOS="1183"
                    WIDTH="823"
                    HEIGHT="69">
            <Shape><Polygon POINTS="264 1245 319 1252 320 1252 321 1252 322 1252 322 1251 329 1245 340 1251 341 1251 342 1252 389 1252 389 1251 390 1251 391 1251 400 1246 451 1250 452 1250 453 1250 466 1244 468 1243 483 1244 525 1247 526 1247 576 1243 607 1241 619 1243 642 1247 643 1247 679 1242 706 1239 726 1242 739 1244 740 1244 775 1242 842 1237 855 1241 859 1242 860 1242 861 1242 872 1241 908 1237 971 1240 991 1241 992 1241 998 1240 1025 1233 1086 1239 1087 1224 1085 1188 1051 1183 1050 1183 1049 1183 1037 1188 1018 1194 1006 1188 998 1185 997 1185 996 1185 995 1185 985 1189 969 1194 938 1189 916 1186 915 1186 837 1187 836 1187 835 1187 830 1190 823 1196 806 1191 803 1190 802 1190 801 1190 800 1190 799 1190 799 1191 791 1197 778 1191 771 1188 770 1188 769 1188 722 1189 721 1189 709 1192 681 1200 640 1200 549 1194 523 1192 522 1192 521 1192 517 1194 500 1202 467 1198 466 1198 464 1198 452 1204 325 1206 288 1206 264 1197 264 1238 264 1245"/></Shape>
	    <String CONTENT="um eius, ut celebris innobis reddatur gloria"
                    HPOS="264"
                    VPOS="1183"
                    WIDTH="823"
                    HEIGHT="69"></String>
          </TextLine>
          <TextLine ID="line_22"
                    TAGREFS="LT8"
                    BASELINE="263 1286 1088 1272" 
                    HPOS="262"
                    VPOS="1238"
                    WIDTH="826"
                    HEIGHT="61">
            <Shape><Polygon POINTS="273 1272 271 1256 262 1256 263 1286 263 1295 378 1299 379 1299 638 1289 665 1288 673 1288 763 1293 764 1293 765 1293 766 1293 774 1286 776 1286 800 1292 801 1292 802 1292 803 1292 804 1292 812 1287 870 1290 871 1290 909 1284 910 1284 912 1284 1006 1289 1007 1289 1008 1289 1024 1281 1034 1286 1035 1286 1036 1286 1088 1279 1088 1272 1086 1243 921 1239 920 1239 919 1239 918 1239 911 1244 856 1238 855 1238 854 1238 831 1246 817 1241 816 1241 815 1241 814 1241 801 1247 799 1249 755 1249 753 1248 706 1240 705 1240 704 1240 703 1240 690 1249 689 1250 684 1249 644 1241 643 1241 581 1242 580 1242 579 1242 571 1248 564 1243 562 1243 561 1243 517 1243 516 1243 515 1243 513 1243 502 1252 501 1253 498 1252 475 1248 474 1248 473 1248 453 1253 449 1255 277 1256 273 1272"/></Shape>
	    <String CONTENT="eius, qui in Chriſtum ſpem noſtram prio¬"
                    HPOS="262"
                    VPOS="1238"
                    WIDTH="826"
                    HEIGHT="61"
                    WC="0.9995134621858597"></String>
          </TextLine>
          <TextLine ID="line_23"
                    TAGREFS="LT8"
                    BASELINE="264 1336 1088 1321" 
                    HPOS="263"
                    VPOS="1282"
                    WIDTH="825"
                    HEIGHT="68">
            <Shape><Polygon POINTS="264 1336 264 1350 328 1343 368 1348 380 1349 381 1349 394 1347 426 1341 559 1339 576 1343 586 1345 587 1345 589 1345 612 1342 624 1340 629 1341 639 1344 640 1344 641 1344 642 1344 643 1344 647 1341 650 1339 652 1341 656 1344 657 1344 658 1344 659 1344 702 1339 725 1337 741 1338 779 1342 780 1342 781 1342 797 1337 803 1335 824 1336 867 1339 868 1339 900 1334 911 1333 916 1334 940 1339 941 1339 942 1339 967 1333 970 1331 971 1331 979 1338 981 1338 982 1338 983 1339 1027 1339 1027 1338 1088 1328 1088 1321 1086 1288 1028 1282 1027 1282 964 1290 943 1292 924 1291 862 1286 861 1286 860 1286 859 1286 851 1292 849 1293 843 1293 795 1287 794 1287 734 1295 730 1295 726 1295 688 1289 687 1289 685 1289 672 1296 670 1297 663 1296 626 1291 625 1291 624 1291 623 1291 614 1297 612 1297 610 1297 500 1292 499 1292 443 1301 438 1301 435 1301 382 1294 381 1294 380 1294 355 1303 263 1304 264 1336"/></Shape>
	    <String CONTENT="res collocauimus, inquem &amp; ueſtram collo¬"
                    HPOS="263"
                    VPOS="1282"
                    WIDTH="825"
                    HEIGHT="68"
                    WC="0.9985646823557411"></String>
          </TextLine>
          <TextLine ID="line_24"
                    TAGREFS="LT8"
                    BASELINE="265 1384 1090 1371" 
                    HPOS="264"
                    VPOS="1333"
                    WIDTH="826"
                    HEIGHT="65">
            <Shape><Polygon POINTS="275 1369 268 1351 264 1351 265 1384 265 1391 400 1398 401 1398 402 1398 433 1390 434 1390 469 1397 470 1397 547 1389 566 1387 576 1388 597 1392 598 1392 599 1392 611 1388 620 1386 641 1388 675 1391 676 1391 725 1387 764 1384 779 1386 799 1390 800 1390 835 1386 862 1383 886 1385 927 1390 928 1390 929 1390 930 1390 938 1385 941 1383 949 1385 966 1389 967 1389 968 1389 969 1389 984 1385 993 1381 1004 1384 1022 1388 1023 1388 1089 1383 1090 1371 1088 1340 1018 1335 1017 1335 987 1340 951 1333 950 1333 912 1339 885 1334 884 1334 883 1334 870 1340 854 1335 853 1335 852 1335 812 1344 743 1344 692 1337 691 1337 690 1337 665 1346 592 1346 583 1340 582 1340 581 1340 580 1340 579 1340 568 1345 542 1339 541 1339 540 1339 469 1348 458 1341 457 1341 456 1341 432 1341 431 1341 430 1341 400 1349 333 1342 332 1342 280 1349 275 1369"/></Shape>
	    <String CONTENT="caſtis, poſtquã ſermonem ueritatis, Euange"
                    HPOS="264"
                    VPOS="1333"
                    WIDTH="826"
                    HEIGHT="65"
                    WC="0.9936833603437557"></String>
          </TextLine>
          <TextLine ID="line_25"
                    TAGREFS="LT8"
                    BASELINE="264 1434 823 1423" 
                    HPOS="263"
                    VPOS="1378"
                    WIDTH="560"
                    HEIGHT="67">
            <Shape><Polygon POINTS="264 1434 264 1440 319 1445 320 1445 488 1437 800 1437 800 1436 801 1436 823 1429 823 1423 822 1390 795 1378 794 1378 793 1378 792 1378 776 1385 754 1378 753 1378 752 1378 705 1385 682 1380 681 1380 680 1380 668 1387 664 1383 664 1381 663 1381 661 1381 660 1381 659 1381 642 1390 634 1394 608 1394 603 1390 594 1381 593 1381 592 1381 591 1381 566 1387 512 1384 511 1384 510 1384 493 1390 472 1397 433 1397 426 1390 422 1386 422 1385 421 1385 420 1385 419 1385 418 1385 417 1385 409 1390 397 1397 386 1390 385 1390 384 1390 383 1390 382 1390 368 1398 315 1398 301 1390 299 1388 298 1388 297 1388 296 1388 263 1389 264 1434"/></Shape>
	    <String CONTENT="lion ſalutis ueſtræ, audiuiſtis."
                    HPOS="263"
                    VPOS="1378"
                    WIDTH="560"
                    HEIGHT="67"
                    WC="0.9992658421397209"></String>
          </TextLine>
        </TextBlock>
        <TextBlock HPOS="244"
                   VPOS="1439"
                   WIDTH="857"
                   HEIGHT="160"
                   ID="block_3"
                   TAGREFS="BT988">
          <Shape><Polygon POINTS="1101 1439 1097 1584 267 1599 244 1442"/></Shape>
          <TextLine ID="line_26"
                    TAGREFS="LT8"
                    BASELINE="315 1480 1091 1468" 
                    HPOS="314"
                    VPOS="1428"
                    WIDTH="777"
                    HEIGHT="67">
            <Shape><Polygon POINTS="315 1480 315 1489 363 1495 364 1495 365 1495 382 1489 385 1488 402 1489 471 1493 472 1493 515 1488 530 1486 553 1487 606 1491 607 1491 629 1487 643 1484 689 1486 749 1489 750 1489 751 1489 752 1489 757 1485 761 1484 785 1485 830 1488 831 1488 875 1484 926 1479 940 1484 948 1486 949 1486 950 1486 964 1484 989 1478 1012 1483 1024 1485 1025 1485 1026 1485 1035 1483 1052 1478 1089 1482 1091 1468 1090 1434 1085 1429 1084 1429 1083 1429 1082 1429 1081 1429 1066 1436 1065 1437 954 1438 952 1438 921 1428 920 1428 919 1428 918 1428 894 1439 893 1440 855 1440 842 1440 828 1430 827 1430 826 1430 776 1430 775 1430 774 1430 753 1441 753 1442 739 1442 713 1442 701 1433 700 1433 699 1433 678 1433 677 1433 676 1433 658 1442 620 1434 619 1434 618 1434 617 1434 606 1443 579 1434 578 1434 577 1434 576 1434 575 1434 562 1444 524 1444 499 1436 498 1436 497 1436 496 1436 475 1442 451 1436 450 1436 449 1436 448 1436 447 1436 434 1447 405 1447 380 1437 379 1437 378 1437 338 1438 337 1438 314 1447 315 1480"/></Shape>
	    <String CONTENT="Cui ut fidem habuiſtis, obſignati quoque"
                    HPOS="314"
                    VPOS="1428"
                    WIDTH="777"
                    HEIGHT="67"
                    WC="0.9939432248473168"></String>
          </TextLine>
          <TextLine ID="line_27"
                    TAGREFS="LT8"
                    BASELINE="262 1529 1089 1514" 
                    HPOS="261"
                    VPOS="1499"
                    WIDTH="828"
                    HEIGHT="48">
            <Shape><Polygon POINTS="1085 1499 1074 1499 1064 1499 1053 1499 1043 1499 1033 1499 1022 1499 1012 1499 1001 1499 991 1499 981 1499 970 1499 960 1499 949 1499 939 1499 928 1499 918 1499 908 1499 897 1499 887 1499 876 1499 866 1499 855 1499 845 1499 835 1499 824 1499 814 1499 803 1499 793 1499 782 1499 772 1499 762 1499 751 1499 741 1499 730 1499 720 1499 709 1499 699 1499 689 1499 678 1499 668 1499 657 1499 647 1499 636 1499 626 1499 625 1499 622 1502 600 1502 596 1499 595 1499 584 1499 574 1499 564 1499 553 1499 543 1499 532 1499 522 1499 511 1499 501 1499 491 1499 484 1499 480 1499 470 1499 459 1499 449 1499 438 1499 428 1499 418 1499 407 1499 397 1499 386 1499 376 1499 365 1499 355 1499 352 1499 261 1502 262 1529 262 1545 300 1547 301 1547 302 1547 308 1544 319 1540 327 1544 332 1546 333 1546 334 1546 411 1545 412 1545 421 1541 430 1537 464 1540 484 1542 485 1542 506 1539 537 1535 601 1537 701 1540 702 1540 703 1540 716 1534 718 1533 727 1534 771 1538 772 1538 773 1538 791 1532 795 1531 805 1532 852 1536 853 1536 883 1529 888 1528 901 1528 990 1533 991 1533 1019 1527 1030 1534 1031 1534 1032 1534 1033 1534 1089 1523 1089 1514 1087 1499 1085 1499"/></Shape>
	    <String CONTENT="eſtis ſpiritu lancto, qui promiſſus nobis fue¬"
                    HPOS="261"
                    VPOS="1499"
                    WIDTH="828"
                    HEIGHT="48"></String>
          </TextLine>
          <TextLine ID="line_28"
                    TAGREFS="LT8"
                    BASELINE="263 1582 1097 1564" 
                    HPOS="261"
                    VPOS="1523"
                    WIDTH="836"
                    HEIGHT="84">
            <Shape><Polygon POINTS="263 1582 263 1607 360 1606 361 1606 362 1606 382 1594 412 1596 413 1596 414 1596 415 1596 426 1590 530 1590 547 1598 548 1598 549 1598 550 1598 551 1598 568 1587 622 1593 623 1593 624 1593 642 1586 681 1592 682 1592 683 1592 705 1585 751 1593 752 1593 753 1593 770 1587 807 1592 813 1592 814 1592 815 1592 816 1592 827 1585 915 1588 916 1588 917 1588 938 1582 961 1587 979 1592 981 1592 982 1592 983 1592 994 1586 1007 1580 1096 1583 1097 1564 1095 1532 1046 1523 1045 1523 1044 1523 1026 1533 998 1533 996 1533 995 1533 850 1527 849 1527 848 1527 831 1536 793 1529 792 1529 791 1529 762 1537 709 1531 708 1531 707 1531 706 1531 696 1539 695 1540 652 1540 617 1540 585 1534 584 1534 583 1534 582 1534 575 1539 564 1534 562 1534 561 1534 529 1535 528 1535 527 1535 516 1542 430 1537 429 1537 335 1546 332 1546 312 1539 311 1539 310 1539 261 1547 263 1582"/></Shape>
	    <String CONTENT="rat, qui eſt arrabo hæreditatis noſtræ, quo fre"
                    HPOS="261"
                    VPOS="1523"
                    WIDTH="836"
                    HEIGHT="84"></String>
          </TextLine>
        </TextBlock>
        <TextBlock HPOS="909"
                   VPOS="1580"
                   WIDTH="192"
                   HEIGHT="55"
                   ID="block_6"
                   TAGREFS="BT17">
          <Shape><Polygon POINTS="1101 1580 1101 1635 909 1635 909 1580"/></Shape>
          <TextLine ID="line_29"
                    TAGREFS="LT8"
                    BASELINE="906 1617 1092 1615" 
                    HPOS="905"
                    VPOS="1574"
                    WIDTH="187"
                    HEIGHT="65">
            <Shape><Polygon POINTS="906 1617 906 1638 938 1639 939 1639 940 1639 948 1636 961 1631 969 1634 976 1637 977 1637 978 1637 979 1637 989 1633 1001 1627 1010 1632 1016 1635 1017 1635 1018 1635 1019 1635 1020 1635 1020 1634 1024 1631 1025 1630 1026 1631 1035 1638 1036 1638 1037 1638 1038 1638 1092 1625 1092 1615 1089 1575 1018 1581 1012 1578 1000 1574 999 1574 998 1574 997 1574 986 1580 982 1583 952 1583 949 1582 929 1575 928 1575 927 1575 926 1575 905 1583 906 1617"/></Shape>
	    <String CONTENT="tiredem¬"
                    HPOS="905"
                    VPOS="1574"
                    WIDTH="187"
                    HEIGHT="65"
                    WC="0.9731838777661324"></String>
          </TextLine>
        </TextBlock>
        <TextBlock HPOS="154"
                   VPOS="210"
                   WIDTH="74"
                   HEIGHT="74"
                   ID="eSc_textblock_0210742e"
                   TAGREFS="BT15">
          <Shape><Polygon POINTS="154 210 154 284 228 284 228 210"/></Shape>
          <TextLine ID="eSc_line_7d9294c6"
                    TAGREFS="LT8"
                    BASELINE="164 258 210 258" 
                    HPOS="162"
                    VPOS="207"
                    WIDTH="47"
                    HEIGHT="72">
            <Shape><Polygon POINTS="162 279 209 272 209 257 209 209 162 207 162 257"/></Shape>
	    <String CONTENT="3·"
                    HPOS="162"
                    VPOS="207"
                    WIDTH="47"
                    HEIGHT="72"></String>
          </TextLine>
        </TextBlock>
        <TextBlock HPOS="161"
                   VPOS="476"
                   WIDTH="71"
                   HEIGHT="58"
                   ID="eSc_textblock_e90a7eb7"
                   TAGREFS="BT15">
          <Shape><Polygon POINTS="161 476 161 534 232 534 232 476"/></Shape>
          <TextLine ID="eSc_line_a28703d8"
                    TAGREFS="LT8"
                    BASELINE="167 512 224 512" 
                    HPOS="165"
                    VPOS="467"
                    WIDTH="58"
                    HEIGHT="62">
            <Shape><Polygon POINTS="167 529 201 519 220 523 223 511 223 479 165 467 165 511"/></Shape>
	    <String CONTENT="4·"
                    HPOS="165"
                    VPOS="467"
                    WIDTH="58"
                    HEIGHT="62"></String>
          </TextLine>
        </TextBlock>
        <TextBlock HPOS="161"
                   VPOS="827"
                   WIDTH="63"
                   HEIGHT="66"
                   ID="eSc_textblock_008af400"
                   TAGREFS="BT15">
          <Shape><Polygon POINTS="161 827 161 893 224 893 224 827"/></Shape>
          <TextLine ID="eSc_line_b6060354"
                    TAGREFS="LT8"
                    BASELINE="174 859 217 859" 
                    HPOS="173"
                    VPOS="817"
                    WIDTH="42"
                    HEIGHT="74">
            <Shape><Polygon POINTS="175 891 215 878 215 858 215 819 173 817 173 858"/></Shape>
	    <String CONTENT="5·"
                    HPOS="173"
                    VPOS="817"
                    WIDTH="42"
                    HEIGHT="74"></String>
          </TextLine>
        </TextBlock>
        <TextBlock HPOS="154"
                   VPOS="1084"
                   WIDTH="66"
                   HEIGHT="59"
                   ID="eSc_textblock_0068a9a9"
                   TAGREFS="BT15">
          <Shape><Polygon POINTS="154 1084 154 1143 220 1143 220 1084"/></Shape>
          <TextLine ID="eSc_line_2cd6fc69"
                    TAGREFS="LT8"
                    BASELINE="165 1116 200 1116" 
                    HPOS="164"
                    VPOS="1081"
                    WIDTH="34"
                    HEIGHT="61">
            <Shape><Polygon POINTS="164 1139 197 1142 198 1114 197 1081 164 1081 164 1114"/></Shape>
	    <String CONTENT="6·"
                    HPOS="164"
                    VPOS="1081"
                    WIDTH="34"
                    HEIGHT="61"></String>
          </TextLine>
        </TextBlock>
        <TextBlock HPOS="150"
                   VPOS="1436"
                   WIDTH="62"
                   HEIGHT="70"
                   ID="eSc_textblock_0cc2d301"
                   TAGREFS="BT15">
          <Shape><Polygon POINTS="150 1436 150 1506 212 1506 212 1436"/></Shape>
          <TextLine ID="eSc_line_655e7811"
                    TAGREFS="LT8"
                    BASELINE="173 1483 216 1479" 
                    HPOS="168"
                    VPOS="1441"
                    WIDTH="47"
                    HEIGHT="51">
            <Shape><Polygon POINTS="172 1492 215 1485 215 1478 212 1447 184 1441 183 1441 181 1441 179 1441 178 1441 168 1446 172 1482"/></Shape>
	    <String CONTENT="7·"
                    HPOS="168"
                    VPOS="1441"
                    WIDTH="47"
                    HEIGHT="51"></String>
          </TextLine>
        </TextBlock>
      </PrintSpace>
    </Page>
  </Layout>
</alto>
