1200 1893
352.0 162.0 724.0 69.0 ANNOT. IOANNIS POMERANI

311.0 236.0 793.0 65.0 id eſt, fidẽ amittãt, quorũ adhuc peior eſt cauſa, ſi per

312.0 270.0 793.0 78.0 hæc ſua lucra ſectantes, alij alijs ſeſe præferre conten¬

314.0 318.0 783.0 84.0 dãt. de quibus cap. 6. ſic dicit: Si qs aliter docet, &c.

562.0 392.0 341.0 57.0 Ex corde puro.

351.0 435.0 755.0 75.0 Vbi enim eſt fides non ficta, ibi eſt & cor purum: ſi¬

324.0 485.0 784.0 81.0 cut Petrus dicit: Fide purificans corda eorum. ibi eſt

324.0 535.0 783.0 77.0 & conſcientia bona. Qui enim ſibi recte conſcius eſt

321.0 584.0 790.0 75.0 qui deo non ex toto corde fidit? Porrò fidẽ non fictam

318.0 635.0 797.0 75.0 dixit, id eſt ueram: cõtra illam quæ hodie uulgo iacta

327.0 686.0 786.0 74.0 tur, qua adſentiuntur hiſtoriæ euangelicæ: ſicut alijs

327.0 736.0 789.0 75.0 hiſtorijs, & illis quæ geſta narrantur de Thurca, de

326.0 791.0 788.0 61.0 Alexandro, de Iulio papa, &c. quæ potius opinio eſt

327.0 836.0 784.0 71.0 de Chriſto, & fides hiſtorica, uel potius ficta fides

329.0 884.0 787.0 73.0 quàm fides illa iuſtificans, quamſoli norunt credẽtes,

322.0 935.0 794.0 69.0 Hinc fit, ut noſtri libentius audiant fabulam narrari

333.0 988.0 783.0 66.0 quæ exempla uocãt, quàm textum euangelicum: quia

332.0 1036.0 791.0 70.0 quam fidem Euangelio habent, etiam habẽt illis fabu¬

333.0 1089.0 489.0 68.0 lis non aliam, & ferè minorem.

533.0 1135.0 424.0 72.0 Et gratiam habeo.

336.0 1208.0 785.0 66.0 Hic locus nobis proponitur à Paulo, ne ob quam¬

336.0 1249.0 780.0 71.0 libet etiam uitam, & quæcũ peccata deſperemus.

336.0 1298.0 791.0 77.0 modò ueniamus ad Chriſtũ, ut Paulus. Hic uide quàm

336.0 1347.0 791.0 82.0 ſint omnia dei, ut hic nihil præſumas, ſicut illi qui ſtul¬

336.0 1399.0 792.0 77.0 tè putãt ſeſe poſſe ad Chriſtum aditũ habere quãdo¬

337.0 1451.0 782.0 90.0 cun uolunt, contra Paulit, dicentẽ: Non eſt uolẽtis,

180.0 1432.0 140.0 95.0 Rhom.9
