1200 1893
342 153 726 82 ANNOT. IOANNIS POMERANI

313 233 794 63 id́ facias in fide, & bona coſcientia, quæ duo ſepara¬

315 265 791 84 ri non poſſunt. Nã, ut inquit, qui cõſcientiam bonam

317 315 790 80 repulerunt, id eſt qui audent aliud dicere, aliud́ fa¬

316 363 791 83 cere, quàm quod in corde nouerunt, unde aliquid præ

318 416 790 78 cæteris uideantur, unde cæteris ſuperiores per cõten¬

320 463 782 81 tionem adpareãt: id quod hodie multum uulgare eſt.

330 510 778 88 Sed Paulus hic uocat blaſphemiam. Hi, inquit, qui bo¬

323 565 790 79 nam conſcientiam repulerunt, naufragium fecerunt

324 615 790 81 circa fidem: id eſt, etiam in eo periclitati ſunt, quod

326 665 732 82 intus in corde ſciuerunt, & tandem perdiderunt.

353 805 766 66 Scilicet, ut ſupra, ut denuncies quibuſdã &c. ut com¬

329 850 783 82 mendes gratiam Chriſti peccatoribus, ſicut ego, abſ

329 902 793 82 operibus legis, &c. Vel potes referre ad hoc quodſe¬

330 965 352 65 quitur:ut milites, &c.

538 743 387 70 Hoc præceptum

435 1030 581 67 Hymenæus & Alexander.

367 1089 753 72 Qui ſcientes, contra ueritatem quam ſciuerunt, ſo¬

335 1148 265 70 Ient contendere.

368 1253 759 71 Sicut Corinthium, qui duxerat nouercam ſuam: de

341 1303 787 74 quo uide in annotationibus Philippi. Hanc tamen ex¬

341 1353 784 75 communicationem, ſicut & illam, oſtẽdit eſſe utilem,

342 1402 787 74 cum dicit: Vt diſcant nõ blaſphemare. Hæc non eſt pa¬

343 1455 763 78 piſtica, quam hodie uidemus excommunicatio, &t,

577 1194 349 63 Tradidi ſatanæ.
