1128 1876
272 102 392 51 EPISTOLA·

46 178 840 60 æternum, quam exhibuit, in Chriſto leſu Do

50 225 270 54 mino noſtro.

48 264 837 70 Perquem confidentel agimus, & adituin

54 310 834 73 habemus ex fiducia, quam ſuppeditat, qua er

58 356 843 75 ga ipſum ſumus fide . Quareprecor, ne fran

60 406 829 72 gant uos adflictiones meæ, quas pro uobis ſu

56 454 787 74 ſtineo, quando quidẽ hæc u$eſtra gloria eſt.

102 539 790 34 Huius cauſſa flecto genua mea ad patrem

60 550 832 74 Domini noſtri Ieſu Chriſti, ex quo omnis co¬

66 603 826 69 gnatio in cælis & in terra conſtat, ut det uo¬

63 649 834 74 bis ſecundum opulentam gloriam ſuam, uir

64 699 830 70 tute corroborari per ſpiritum, ut bene habe¬

65 745 834 68 at homo interior, et habitet Chriſtus per fidẽ

65 797 830 73 in cordibus ueſtris, ſitq; in uobis confirmata,

70 850 481 68 probeq fundata dilectio.

121 891 781 70 Vt ualcatis cũ ſanctis omnibus cõprehẽde

71 945 834 71 re, quæ ſit latitudo, & longitudo, profundi¬

72 994 836 66 tas & celſitudo, noſcereq præeminentẽ co¬

79 1038 834 75 gnitioni dilectionẽ Chriſti. Vt bonitate Dei

81 1097 489 61 ad ſummum repleamini.

126 1138 789 59 Potenti uero facere cumulate, ſecundũ uir

79 1202 836 50 tutem in nobis efficacem, ultra omnia quæ

82 1235 834 67 uel petimus, uel cognoſcimus, illi ſit gloria in

81 1287 835 71 Ecdleſia per Chriſtum leſum, in omnes æ¬

86 1340 572 74 tates ſæculi ſæculorum amen.

304 1435 421 68 CAPVT IIII.

590 1540 100 62 B 4

770 1522 164 79 Adhor¬

855 93 39 54 12

935 234 44 58 5·

951 476 39 69 6·

957 875 48 81 7.

980 1102 49 57 8.

993 1439 30 55 9.
