1200 1898
394 175 720 55 ANNOT. IOANNIS POMERANI

362.0 244.0 790.0 50.0 lectos in dilecto filioſuo. Et Chriſtu uocat ſpem no¬

361.0 280.0 792.0 67.0 ſtram, quia qui Chriſtum non habent, in deſperatione

362.0 332.0 792.0 66.0 uiuũt, ſicut ad Ephe.4. Qui deſperant, ſemetipſos tra

363.0 384.0 792.0 65.0 diderunt in impudicitiam &c. Hypocritæ quo fin¬

365.0 433.0 791.0 67.0 gunt ſe ſperare, ſed ueniente tentatione, ſpem nõ ha¬

364.0 480.0 790.0 67.0 bent, quia Chriſtũ non habent. Germanũ, id eſt uerũ¬

364.0 532.0 791.0 63.0 nam Chriſtũ recte didicerat ex doctrina Pauli, qui ſe

366.0 579.0 786.0 66.0 ob id eius patrẽ ſcribit. Qui germani filij in fide ſint,

365.0 630.0 633.0 61.0 parabola de ſeminante, Lucæ. 8. declarat.

403 695 754 48 Gratiam & miſerocordiã (quæ eſt, quod gratis no¬

365.0 734.0 791.0 59.0 bis donantur peccata, & hæredes ſimus regni abſ

363.0 781.0 800.0 65.0 omni merito) neceſſario ſequitur pax mẽtis & conſci

364.0 835.0 799.0 59.0 entiarum, quæ exuperat omnem mentem. Non enim

362.0 881.0 803.0 62.0 oculus uidit, nec auris audiuit, &c. Niſi uero gratiam

364.0 927.0 801.0 66.0 dei, & miſericordiã te conſecutũ credideris, nunquã

365.0 978.0 800.0 62.0 pacem habebis. Conſecutum inquam, nõ ex tuis meri¬

363.0 1028.0 803.0 63.0 tis, iuſtitiæ ſtudio, &c. ſed à deo, qui tantum nos dili¬

366.0 1077.0 801.0 66.0 git in dilecto filio ſuo, ut pater noſter non ſolum ap¬

368.0 1127.0 799.0 63.0 pelletur, ſed reueraſit: ut nihil trepidemus ad tantam

364.0 1174.0 802.0 69.0 maieſtatẽ, qui ex miſericordia eius ſumus filij. Et à do¬

365.0 1229.0 801.0 62.0 mino Ieſu Chriſto domino noſtro, ſub cuius dominio

366.0 1280.0 802.0 62.0 & imperio totus exercitus inferorũ, dei filijs, et Chri¬

365.0 1328.0 800.0 65.0 ſti ſeruis præualere non poteſt, &c. Atque hic uides

369.0 1381.0 797.0 60.0 Chriſtum non ſolum dominum dici, ne quis contemnat

365.0 1429.0 799.0 63.0 eum, quia uidet hominem factum: ſed etiam dominum

361.0 1478.0 798.0 78.0 noſtrum uocat, ut etiam agnoſcas eum protectorem,
