<?xml version="1.0" encoding="UTF-8"?>
<alto xmlns:xsi="http://www.w3.org/2001/XMLSchema-instance"
      xmlns="http://www.loc.gov/standards/alto/ns-v4#"
      xsi:schemaLocation="http://www.loc.gov/standards/alto/ns-v4# http://www.loc.gov/standards/alto/v4/alto-4-2.xsd">
  <Description>
    <MeasurementUnit>pixel</MeasurementUnit>
    <sourceImageInformation>
      <fileName>bsb00035303_00003.jpg</fileName>
    </sourceImageInformation>
  </Description>
  <Tags>
    <OtherTag ID="BT7" LABEL="CustomZone" DESCRIPTION="block type CustomZone"/><OtherTag ID="BT8" LABEL="DamageZone" DESCRIPTION="block type DamageZone"/><OtherTag ID="BT9" LABEL="DigitizationArtefactZone" DESCRIPTION="block type DigitizationArtefactZone"/><OtherTag ID="BT10" LABEL="DropCapitalZone" DESCRIPTION="block type DropCapitalZone"/><OtherTag ID="BT11" LABEL="GraphicZone" DESCRIPTION="block type GraphicZone"/><OtherTag ID="BT12" LABEL="MainZone" DESCRIPTION="block type MainZone"/><OtherTag ID="BT13" LABEL="MarginTextZone" DESCRIPTION="block type MarginTextZone"/><OtherTag ID="BT14" LABEL="MusicZone" DESCRIPTION="block type MusicZone"/><OtherTag ID="BT15" LABEL="NumberingZone" DESCRIPTION="block type NumberingZone"/><OtherTag ID="BT17" LABEL="QuireMarksZone" DESCRIPTION="block type QuireMarksZone"/><OtherTag ID="BT18" LABEL="RunningTitleZone" DESCRIPTION="block type RunningTitleZone"/><OtherTag ID="BT19" LABEL="SealZone" DESCRIPTION="block type SealZone"/><OtherTag ID="BT20" LABEL="StampZone" DESCRIPTION="block type StampZone"/><OtherTag ID="BT21" LABEL="TableZone" DESCRIPTION="block type TableZone"/><OtherTag ID="BT22" LABEL="TitlePageZone" DESCRIPTION="block type TitlePageZone"/><OtherTag ID="BT985" LABEL="MainZone-Other" DESCRIPTION="block type MainZone-Other"/><OtherTag ID="BT986" LABEL="MainZone-Signature" DESCRIPTION="block type MainZone-Signature"/><OtherTag ID="BT987" LABEL="MainZone-Head" DESCRIPTION="block type MainZone-Head"/><OtherTag ID="BT988" LABEL="MainZone-P" DESCRIPTION="block type MainZone-P"/><OtherTag ID="BT989" LABEL="MainZone-P-Continued" DESCRIPTION="block type MainZone-P-Continued"/><OtherTag ID="BT990" LABEL="MarginTextZone-Notes" DESCRIPTION="block type MarginTextZone-Notes"/><OtherTag ID="BT991" LABEL="MainZone-Lg" DESCRIPTION="block type MainZone-Lg"/>
    <OtherTag ID="LT7" LABEL="CustomLine" DESCRIPTION="line type CustomLine"/><OtherTag ID="LT8" LABEL="DefaultLine" DESCRIPTION="line type DefaultLine"/><OtherTag ID="LT9" LABEL="DropCapitalLine" DESCRIPTION="line type DropCapitalLine"/><OtherTag ID="LT10" LABEL="HeadingLine" DESCRIPTION="line type HeadingLine"/><OtherTag ID="LT11" LABEL="InterlinearLine" DESCRIPTION="line type InterlinearLine"/><OtherTag ID="LT12" LABEL="MusicLine" DESCRIPTION="line type MusicLine"/>
  </Tags>
  <Layout>
    <Page WIDTH="1128"
          HEIGHT="1876"
          PHYSICAL_IMG_NR="2"
          ID="eSc_dummypage_">
      <PrintSpace HPOS="0"
                  VPOS="0"
                  WIDTH="1128"
                  HEIGHT="1876">
        <TextBlock HPOS="259.0"
                   VPOS="124.0"
                   WIDTH="403.0"
                   HEIGHT="55.0"
                   ID="block_4"
                   TAGREFS="BT18">
          <Shape><Polygon POINTS="662 124 662 179 259 179 259 124"/></Shape>
          <TextLine ID="line_0"
                    TAGREFS="LT10"
                    BASELINE="263 165 655 160" 
                    HPOS="262.0"
                    VPOS="125.0"
                    WIDTH="393.0"
                    HEIGHT="55.0">
            <Shape><Polygon POINTS="638 130 627 130 618 130 616 132 583 132 581 130 575 130 565 130 554 130 544 130 533 130 523 130 512 130 502 130 495 130 488 133 485 130 481 130 471 130 460 130 450 130 439 130 429 130 419 130 408 130 401 130 396 134 386 130 377 130 366 130 359 130 347 134 341 130 335 130 325 130 314 130 304 130 293 130 283 130 273 130 272 126 262 125 263 165 263 180 341 171 353 177 357 179 358 179 359 180 413 180 413 179 414 179 415 179 421 175 423 174 434 175 474 178 475 178 476 178 491 173 499 169 548 169 551 170 565 176 566 176 567 176 568 176 586 169 590 168 593 168 629 176 630 176 631 176 655 166 655 160 654 131 651 130 648 130"/></Shape>
	    <String CONTENT="EPISTOLA."
                    HPOS="262.0"
                    VPOS="125.0"
                    WIDTH="393.0"
                    HEIGHT="55.0"
                    WC="0.9977022873030769"></String>
          </TextLine>
        </TextBlock>
        <TextBlock HPOS="39.0"
                   VPOS="189.0"
                   WIDTH="863.0"
                   HEIGHT="852.0"
                   ID="block_5"
                   TAGREFS="BT988">
          <Shape><Polygon POINTS="892 193 902 1015 39 1041 39 189"/></Shape>
          <TextLine ID="line_1"
                    TAGREFS="LT8"
                    BASELINE="101 235 878 226" 
                    HPOS="100.0"
                    VPOS="198.0"
                    WIDTH="778.0"
                    HEIGHT="56.0">
            <Shape><Polygon POINTS="871 198 861 198 850 198 840 198 829 198 819 198 808 198 798 198 788 198 777 198 767 198 756 198 746 198 736 198 725 198 715 198 704 198 694 198 683 198 681 198 633 199 626 198 621 198 610 198 600 198 594 198 591 201 530 201 493 198 485 198 475 198 464 198 454 198 451 198 443 201 426 198 423 198 412 198 407 198 402 202 377 198 371 198 360 198 356 198 350 203 326 198 319 198 315 198 301 203 208 199 186 198 185 198 177 199 140 205 132 199 131 199 130 199 129 199 100 199 101 235 101 245 121 253 123 253 124 254 186 254 186 253 187 253 188 253 200 245 202 244 210 245 246 252 247 252 274 245 280 244 289 245 316 250 317 250 319 250 326 245 332 242 387 245 411 247 412 247 428 245 481 240 500 245 512 249 513 249 515 249 516 249 524 245 541 239 619 245 641 247 642 247 643 247 646 245 659 238 679 245 681 245 682 245 683 245 684 245 687 245 719 237 768 244 769 245 829 245 829 244 830 244 831 244 838 239 876 244 878 226 875 198 871 198"/></Shape>
	    <String CONTENT="Quapropter, ſi idem hodie, reuecta nobis Euangelij"
                    HPOS="100.0"
                    VPOS="198.0"
                    WIDTH="778.0"
                    HEIGHT="56.0"
                    WC="0.9954794454574585"></String>
          </TextLine>
          <TextLine ID="line_2"
                    TAGREFS="LT8"
                    BASELINE="39 284 880 274" 
                    HPOS="38.0"
                    VPOS="236.0"
                    WIDTH="842.0"
                    HEIGHT="67.0">
            <Shape><Polygon POINTS="38 276 39 284 39 294 76 302 77 303 117 303 117 302 118 302 119 302 119 301 128 294 205 301 206 301 207 301 234 293 280 298 281 298 319 292 333 298 334 298 335 298 376 291 448 298 449 298 450 298 472 290 519 297 520 297 521 297 547 290 693 294 694 294 695 294 715 287 733 293 734 293 736 294 795 294 795 293 830 287 853 292 854 292 855 292 856 292 880 284 880 274 878 247 785 245 766 236 765 236 736 236 734 236 733 236 708 248 683 238 682 238 646 237 645 237 556 238 519 247 468 239 467 239 466 239 434 251 433 251 390 244 389 244 388 244 387 244 376 252 347 252 289 253 286 253 256 245 255 245 254 245 253 245 242 253 219 242 218 242 217 242 216 242 182 254 181 254 156 244 155 244 107 244 106 244 105 244 81 254 51 244 50 244 48 244 47 244 46 244 46 245 40 250 38 276"/></Shape>
	    <String CONTENT="lampade, uſu ueniat, ut immißis multipliciũ hæreſeon, at¬"
                    HPOS="38.0"
                    VPOS="236.0"
                    WIDTH="842.0"
                    HEIGHT="67.0"></String>
          </TextLine>
          <TextLine ID="line_3"
                    TAGREFS="LT8"
                    BASELINE="43 333 880 325" 
                    HPOS="42"
                    VPOS="288"
                    WIDTH="838"
                    HEIGHT="64">
            <Shape><Polygon POINTS="43 352 91 344 137 351 140 351 141 351 145 351 200 343 239 343 248 349 249 350 250 350 251 350 252 350 253 350 255 349 267 342 344 348 353 348 354 348 355 348 356 348 364 341 429 341 450 346 460 348 461 348 473 346 495 340 517 344 528 347 529 347 530 347 531 347 534 344 542 340 585 343 617 346 618 346 641 342 674 338 701 341 725 344 726 344 879 338 880 325 878 289 775 288 774 288 773 288 767 291 752 299 728 299 694 292 671 289 670 289 669 289 659 293 649 298 618 293 602 292 601 292 600 292 594 294 581 299 575 294 568 290 567 290 566 290 565 290 564 290 553 295 544 301 460 301 443 298 417 292 415 292 387 299 386 299 384 299 357 292 356 292 355 292 335 300 329 303 251 303 243 302 218 295 217 295 216 295 197 303 194 303 192 303 166 294 165 294 164 294 163 294 146 304 145 304 137 304 77 299 76 299 42 305 43 333"/></Shape>
	    <String CONTENT="q; impoſturarum turbinibus, mendacij author, qui dum"
                    HPOS="42"
                    VPOS="288"
                    WIDTH="838"
                    HEIGHT="64"
                    WC="0.9818079930085403"></String>
          </TextLine>
          <TextLine ID="line_4"
                    TAGREFS="LT8"
                    BASELINE="41 383 880 374" 
                    HPOS="41.0"
                    VPOS="335.0"
                    WIDTH="839.0"
                    HEIGHT="65.0">
            <Shape><Polygon POINTS="41 367 41 383 41 395 133 400 134 400 135 400 146 393 148 393 150 393 164 399 165 399 166 399 167 399 168 399 175 393 176 393 183 393 228 397 229 397 230 397 237 393 240 391 285 392 402 397 403 397 404 397 425 391 430 390 440 391 488 396 489 396 491 396 502 390 506 388 509 390 512 393 513 393 515 393 578 395 579 395 601 389 612 387 623 389 641 392 642 392 658 389 668 387 679 388 706 392 707 392 730 388 743 386 755 388 785 392 786 392 879 386 880 374 878 339 813 335 812 335 775 340 749 344 744 341 741 338 740 338 739 338 698 336 697 336 696 336 678 342 667 347 582 347 576 343 565 338 564 338 506 338 505 338 504 338 482 346 474 348 454 346 406 340 405 340 404 340 387 347 382 350 334 350 331 348 314 341 313 341 312 341 311 341 310 341 301 349 299 350 286 349 256 344 255 344 254 344 241 349 239 350 237 350 219 342 218 342 217 342 175 350 170 351 167 351 141 342 140 342 139 342 138 342 137 342 129 349 101 344 100 344 45 352 41 367"/></Shape>
	    <String CONTENT="atriũ ſuum humanis traditionibus ſatis munitũ tranquil¬"
                    HPOS="41.0"
                    VPOS="335.0"
                    WIDTH="839.0"
                    HEIGHT="65.0"
                    WC="0.9977315695662248"></String>
          </TextLine>
          <TextLine ID="line_5"
                    TAGREFS="LT8"
                    BASELINE="41 433 884 424" 
                    HPOS="41.0"
                    VPOS="387.0"
                    WIDTH="843.0"
                    HEIGHT="66.0">
            <Shape><Polygon POINTS="41 418 41 433 41 443 63 443 76 452 77 452 78 452 79 453 134 453 134 452 135 452 136 452 151 442 152 442 159 442 305 450 306 450 307 450 335 441 340 440 352 441 412 449 413 449 414 449 415 449 425 441 427 439 436 441 469 448 470 448 542 440 547 440 548 440 557 446 558 446 559 446 560 446 561 446 568 440 571 438 582 440 604 445 605 445 606 445 624 440 627 439 628 440 634 446 635 446 636 446 638 446 688 439 713 437 883 438 884 424 883 396 874 389 873 389 872 389 815 387 814 387 813 387 792 392 776 388 775 388 774 388 773 388 751 398 678 398 655 389 654 389 653 389 652 389 651 389 641 398 619 392 618 392 617 392 586 399 522 390 521 390 520 390 519 390 509 399 468 400 419 391 418 391 417 391 393 401 366 392 365 392 323 392 322 392 321 392 289 402 262 395 261 395 260 395 197 403 195 403 182 395 181 395 180 395 135 395 134 395 133 395 111 402 83 398 82 398 44 404 41 418"/></Shape>
	    <String CONTENT="le poſſedit, egit quietius, dum pellere rurſus mundo illam"
                    HPOS="41.0"
                    VPOS="387.0"
                    WIDTH="843.0"
                    HEIGHT="66.0"
                    WC="0.9965219949853832"></String>
          </TextLine>
          <TextLine ID="line_6"
                    TAGREFS="LT8"
                    BASELINE="44 483 894 476" 
                    HPOS="43.0"
                    VPOS="438.0"
                    WIDTH="851.0"
                    HEIGHT="61.0">
            <Shape><Polygon POINTS="44 483 44 495 111 499 112 499 164 494 180 492 186 494 208 498 209 498 210 498 211 498 217 494 218 492 222 494 240 498 241 498 242 498 273 492 285 490 291 492 303 496 304 496 305 496 351 491 366 490 372 491 396 497 397 497 398 497 414 490 417 489 480 489 486 490 520 496 521 496 522 496 534 489 537 488 548 489 597 495 598 495 599 495 619 488 621 488 629 488 739 494 740 494 741 494 754 487 810 492 811 492 812 492 830 486 847 486 869 486 878 492 879 492 880 492 881 492 883 492 884 492 894 486 894 476 893 448 875 438 874 438 773 438 772 438 771 438 770 438 755 448 654 439 653 439 652 439 651 439 640 449 640 450 457 450 456 450 433 441 432 441 431 441 430 441 410 450 407 451 389 450 319 446 317 446 281 451 270 452 255 451 181 443 180 443 179 443 162 451 160 452 158 451 141 445 140 445 139 445 138 445 120 452 118 453 69 453 66 452 55 447 54 447 53 447 52 447 43 450 44 483"/></Shape>
	    <String CONTENT="nequit, obſcurare tamen adeo conetur, ut à paucis plane"
                    HPOS="43.0"
                    VPOS="438.0"
                    WIDTH="851.0"
                    HEIGHT="61.0"
                    WC="0.9955905345933778"></String>
          </TextLine>
          <TextLine ID="line_7"
                    TAGREFS="LT8"
                    BASELINE="42 533 884 523" 
                    HPOS="41.0"
                    VPOS="486.0"
                    WIDTH="843.0"
                    HEIGHT="67.0">
            <Shape><Polygon POINTS="42 533 42 542 66 552 67 552 68 553 125 553 125 552 126 552 156 542 186 551 187 551 188 551 189 551 212 541 264 548 265 548 293 541 301 548 302 548 303 548 304 548 305 548 328 540 365 545 366 545 368 545 379 539 402 539 413 547 414 547 415 547 417 547 418 547 419 547 428 540 502 547 503 547 504 547 520 538 555 546 556 547 620 547 620 546 621 546 622 546 631 538 663 545 664 545 705 536 724 544 725 544 726 544 727 544 728 544 737 537 774 544 775 544 834 534 850 541 851 541 852 541 853 541 884 532 884 523 881 494 801 489 800 489 799 489 788 495 787 495 786 495 770 487 769 487 715 486 714 486 713 486 712 486 702 492 677 489 676 489 645 496 630 488 629 488 546 488 545 488 544 488 509 498 507 499 435 499 432 499 399 490 398 490 355 500 353 500 352 500 335 491 334 491 293 491 292 491 257 494 256 494 255 494 244 501 243 501 240 501 131 494 130 494 129 494 128 494 117 503 115 503 97 498 96 498 95 498 41 503 42 533"/></Shape>
	    <String CONTENT="agnoſci, à nonnullis ne uideri quidẽ poßit, par erit, ut me¬"
                    HPOS="41.0"
                    VPOS="486.0"
                    WIDTH="843.0"
                    HEIGHT="67.0"
                    WC="0.9801081082513255"></String>
          </TextLine>
          <TextLine ID="line_8"
                    TAGREFS="LT8"
                    BASELINE="44 583 889 572" 
                    HPOS="42"
                    VPOS="534"
                    WIDTH="846"
                    HEIGHT="63">
            <Shape><Polygon POINTS="43 597 887 589 888 570 885 534 649 534 647 534 646 534 644 534 639 539 635 542 594 539 539 536 538 536 536 536 522 540 514 544 453 542 319 539 317 539 286 545 280 547 262 547 162 540 161 540 159 540 158 540 145 548 143 548 68 542 67 542 65 542 42 550 43 581"/></Shape>
	    <String CONTENT="mores, ſic bonam dei uoluntatem decreuiſſe, atq; quemad"
                    HPOS="42"
                    VPOS="534"
                    WIDTH="846"
                    HEIGHT="63"></String>
          </TextLine>
          <TextLine ID="line_9"
                    TAGREFS="LT8"
                    BASELINE="45 633 889 620" 
                    HPOS="42.0"
                    VPOS="583.0"
                    WIDTH="846.0"
                    HEIGHT="65.0">
            <Shape><Polygon POINTS="43 631 43 648 564 648 564 647 566 647 583 639 663 645 664 645 666 645 668 645 680 637 768 644 769 644 771 644 804 636 872 642 874 642 876 642 877 642 888 634 888 619 883 583 42 597 43 631"/></Shape>
	    <String CONTENT="modum antea, ita modo quoq; id ita temperaturã, ut inde"
                    HPOS="42.0"
                    VPOS="583.0"
                    WIDTH="846.0"
                    HEIGHT="65.0"></String>
          </TextLine>
          <TextLine ID="line_10"
                    TAGREFS="LT8"
                    BASELINE="46 682 889 671" 
                    HPOS="43.0"
                    VPOS="631.0"
                    WIDTH="845.0"
                    HEIGHT="67.0">
            <Shape><Polygon POINTS="45 681 45 698 887 683 888 670 885 639 766 631 765 631 686 640 685 640 683 640 492 636 491 636 380 645 342 637 341 637 301 645 286 637 284 637 283 637 281 637 280 637 264 647 147 640 145 640 143 640 142 640 132 648 122 640 120 640 118 640 117 640 115 640 96 648 76 640 75 640 73 640 71 640 43 650 45 681"/></Shape>
	    <String CONTENT="cum uirtus tum bonitas ſua clarior reddatur, boni conſili"
                    HPOS="43.0"
                    VPOS="631.0"
                    WIDTH="845.0"
                    HEIGHT="67.0"></String>
          </TextLine>
          <TextLine ID="line_11"
                    TAGREFS="LT8"
                    BASELINE="47 732 580 728 889 721" 
                    HPOS="45.0"
                    VPOS="678.0"
                    WIDTH="843.0"
                    HEIGHT="73.0">
            <Shape><Polygon POINTS="46 731 46 744 301 751 345 742 556 748 632 739 769 745 780 737 835 745 888 734 888 720 882 678 843 689 769 680 502 692 463 683 436 694 298 686 273 695 242 686 231 695 176 689 170 697 148 687 125 697 71 687 45 698 46 731"/></Shape>
	    <String CONTENT="um patris noſtri ſuper nos, ubiq; quæ ſaluti nobis ſint pro"
                    HPOS="45.0"
                    VPOS="678.0"
                    WIDTH="843.0"
                    HEIGHT="73.0"></String>
          </TextLine>
          <TextLine ID="line_12"
                    TAGREFS="LT8"
                    BASELINE="51 784 889 771" 
                    HPOS="50.0"
                    VPOS="730.0"
                    WIDTH="838.0"
                    HEIGHT="75.0">
            <Shape><Polygon POINTS="50 783 51 805 84 797 259 801 278 794 469 798 489 791 549 797 888 786 888 770 882 730 851 739 782 730 760 739 689 731 569 744 458 737 445 747 317 747 253 737 237 748 159 739 145 750 95 741 50 741 50 783"/></Shape>
	    <String CONTENT="ſpicientis, conſulamus, &amp; ex animo, etiã pro hac re grati"
                    HPOS="50.0"
                    VPOS="730.0"
                    WIDTH="838.0"
                    HEIGHT="75.0"></String>
          </TextLine>
          <TextLine ID="line_13"
                    TAGREFS="LT8"
                    BASELINE="48 832 889 821" 
                    HPOS="45.0"
                    VPOS="781.0"
                    WIDTH="843.0"
                    HEIGHT="63.0">
            <Shape><Polygon POINTS="46 831 46 844 887 842 888 820 887 791 874 783 872 783 871 783 869 783 816 791 766 781 765 781 763 781 761 781 747 791 674 783 672 783 671 783 641 795 538 795 520 786 519 786 517 786 516 786 514 786 503 794 483 786 481 786 480 786 478 786 450 795 413 786 411 786 409 786 408 786 406 786 406 787 405 787 397 797 312 787 311 787 309 787 283 800 225 800 165 789 164 789 45 801 46 831"/></Shape>
	    <String CONTENT="as ipſi agamus. Et enim ſi recte rationem ſubduxerimus,"
                    HPOS="45.0"
                    VPOS="781.0"
                    WIDTH="843.0"
                    HEIGHT="63.0"></String>
          </TextLine>
          <TextLine ID="line_14"
                    TAGREFS="LT8"
                    BASELINE="51 881 889 870" 
                    HPOS="48.0"
                    VPOS="831.0"
                    WIDTH="840.0"
                    HEIGHT="72.0">
            <Shape><Polygon POINTS="50 880 51 903 70 894 147 902 161 902 162 902 164 902 167 900 184 892 326 897 394 898 395 898 397 898 409 895 428 889 477 894 522 897 524 897 851 892 852 892 888 883 888 869 883 831 405 844 397 842 375 836 373 836 372 836 370 836 369 836 369 837 362 842 361 845 286 845 275 845 195 837 193 837 192 837 165 847 150 839 148 839 147 839 95 847 54 839 53 839 51 839 50 839 50 841 48 841 50 880"/></Shape>
	    <String CONTENT="haud parũ, animos nostros confirmabit etiã, quod quã Eu"
                    HPOS="48.0"
                    VPOS="831.0"
                    WIDTH="840.0"
                    HEIGHT="72.0"
                    WC="0.9794461521609076"></String>
          </TextLine>
          <TextLine ID="line_15"
                    TAGREFS="LT8"
                    BASELINE="51 932 709 926 889 921" 
                    HPOS="48.0"
                    VPOS="883.0"
                    WIDTH="840.0"
                    HEIGHT="69.0">
            <Shape><Polygon POINTS="50 931 50 942 161 952 197 942 273 950 323 942 344 950 373 941 484 948 500 939 625 947 663 939 872 944 888 934 888 920 885 889 813 883 775 892 736 884 702 892 658 884 575 894 564 886 527 894 516 886 508 886 497 895 389 895 341 887 308 897 223 889 193 898 131 891 48 900 50 931"/></Shape>
	    <String CONTENT="angelij ueritatẽ profitemur, princeps tenebrarum ad eun"
                    HPOS="48.0"
                    VPOS="883.0"
                    WIDTH="840.0"
                    HEIGHT="69.0"
                    WC="0.9907210043498448"></String>
          </TextLine>
          <TextLine ID="line_16"
                    TAGREFS="LT8"
                    BASELINE="54 980 644 977 889 972" 
                    HPOS="51.0"
                    VPOS="933.0"
                    WIDTH="837.0"
                    HEIGHT="67.0">
            <Shape><Polygon POINTS="53 978 53 994 356 1000 500 991 511 1000 597 1000 663 991 672 998 678 998 696 989 708 997 733 989 783 997 887 988 888 970 885 941 783 933 779 933 771 941 740 934 730 942 688 936 613 944 599 944 589 934 484 934 472 945 408 936 392 947 330 947 298 936 258 947 179 938 170 948 101 948 57 938 51 944 53 978"/></Shape>
	    <String CONTENT="dem modũ excipit, quo olim ab ipſo ſeruatore, ciusq́; Apo"
                    HPOS="51.0"
                    VPOS="933.0"
                    WIDTH="837.0"
                    HEIGHT="67.0"></String>
          </TextLine>
          <TextLine ID="line_17"
                    TAGREFS="LT8"
                    BASELINE="53 1032 442 1027" 
                    HPOS="52.0"
                    VPOS="990.0"
                    WIDTH="390.0"
                    HEIGHT="62.0">
            <Shape><Polygon POINTS="53 1032 54 1052 78 1042 115 1050 124 1051 125 1051 126 1051 134 1049 167 1041 223 1046 262 1049 263 1049 308 1042 327 1040 330 1042 337 1046 338 1046 339 1046 340 1046 341 1046 364 1041 402 1047 403 1047 404 1047 405 1047 420 1038 422 1038 440 1038 442 1027 438 999 423 999 421 998 408 990 407 990 406 990 405 990 404 990 403 990 394 998 385 994 384 994 383 994 382 994 381 994 377 998 374 999 348 997 329 996 328 996 320 997 282 1002 235 1002 224 995 216 991 215 991 214 991 213 991 212 991 201 995 182 1001 159 994 154 993 153 993 152 993 151 993 146 994 131 998 108 993 104 993 103 993 102 993 101 993 92 999 84 993 83 993 82 993 52 993 53 1032"/></Shape>
	    <String CONTENT="ſtolis prædicatam excepit."
                    HPOS="52.0"
                    VPOS="990.0"
                    WIDTH="390.0"
                    HEIGHT="62.0"
                    WC="0.9946323931217194"></String>
          </TextLine>
        </TextBlock>
        <TextBlock HPOS="52.0"
                   VPOS="1045.0"
                   WIDTH="866.0"
                   HEIGHT="598.0"
                   ID="block_0"
                   TAGREFS="BT988">
          <Shape><Polygon POINTS="909 1045 918 1581 52 1643 52 1045"/></Shape>
          <TextLine ID="line_18"
                    TAGREFS="LT8"
                    BASELINE="107 1083 895 1074" 
                    HPOS="107.0"
                    VPOS="1032.0"
                    WIDTH="788.0"
                    HEIGHT="67.0">
            <Shape><Polygon POINTS="137 1082 127 1082 116 1082 108 1082 107 1083 107 1092 166 1099 167 1099 168 1099 191 1092 194 1091 197 1092 208 1097 209 1097 210 1097 211 1097 212 1097 218 1092 219 1090 316 1090 324 1091 353 1097 354 1097 355 1097 370 1091 374 1089 447 1089 450 1090 456 1095 457 1095 458 1095 459 1095 520 1090 523 1090 524 1090 542 1095 543 1095 544 1095 573 1090 582 1088 598 1089 635 1093 636 1094 683 1094 683 1093 684 1093 685 1093 691 1089 693 1087 694 1089 700 1093 701 1093 702 1093 703 1093 731 1089 747 1085 758 1088 776 1092 777 1092 778 1092 788 1088 792 1087 893 1087 895 1074 894 1046 870 1034 869 1034 868 1034 867 1034 842 1044 828 1035 827 1035 826 1035 752 1032 751 1032 750 1032 725 1045 674 1033 673 1033 672 1033 671 1033 663 1041 647 1038 646 1038 645 1038 618 1048 582 1034 581 1034 545 1034 544 1034 543 1034 496 1047 458 1041 457 1041 456 1041 437 1050 412 1045 411 1045 362 1049 349 1039 348 1039 347 1039 310 1038 309 1038 308 1038 307 1038 288 1050 241 1052 223 1043 222 1043 221 1043 219 1043 218 1043 205 1051 181 1040 180 1040 179 1040 178 1040 142 1052 137 1082"/></Shape>
	    <String CONTENT="Quàm mox enĩ præter grauißimas pſecutionũ pro¬"
                    HPOS="107.0"
                    VPOS="1032.0"
                    WIDTH="788.0"
                    HEIGHT="67.0"></String>
          </TextLine>
          <TextLine ID="line_19"
                    TAGREFS="LT8"
                    BASELINE="54 1130 899 1124" 
                    HPOS="53.0"
                    VPOS="1090.0"
                    WIDTH="846.0"
                    HEIGHT="58.0">
            <Shape><Polygon POINTS="897 1090 887 1090 876 1090 866 1090 860 1090 851 1096 758 1092 757 1092 699 1097 688 1091 685 1090 678 1090 668 1090 663 1090 654 1091 631 1094 607 1092 580 1090 574 1090 564 1090 561 1090 555 1093 546 1098 515 1098 477 1095 424 1090 423 1090 422 1090 421 1090 411 1096 405 1100 372 1100 368 1097 356 1090 355 1090 354 1090 353 1090 352 1090 335 1098 333 1098 332 1098 313 1091 312 1091 311 1091 310 1091 309 1091 303 1096 289 1092 288 1092 287 1092 286 1092 285 1092 276 1099 273 1101 193 1101 189 1100 163 1094 162 1094 161 1094 160 1094 132 1101 111 1092 110 1092 70 1092 69 1092 68 1092 67 1092 53 1100 54 1130 55 1148 81 1142 135 1147 148 1148 149 1148 150 1148 153 1147 164 1141 292 1141 316 1145 333 1147 334 1147 356 1144 385 1140 428 1143 469 1146 470 1146 501 1142 526 1139 552 1141 592 1145 593 1145 594 1145 607 1141 612 1139 618 1140 628 1144 629 1144 630 1144 631 1144 643 1140 649 1138 680 1140 756 1144 757 1144 787 1138 794 1137 805 1138 853 1142 854 1142 898 1136 899 1124 897 1090 897 1090"/></Shape>
	    <String CONTENT="cellas, innumeris inſanorũ dogmatũ fluctibus, quorum ab"
                    HPOS="53.0"
                    VPOS="1090.0"
                    WIDTH="846.0"
                    HEIGHT="58.0"
                    WC="0.9949961566088492"></String>
          </TextLine>
          <TextLine ID="line_20"
                    TAGREFS="LT8"
                    BASELINE="57 1181 899 1173" 
                    HPOS="56.0"
                    VPOS="1137.0"
                    WIDTH="843.0"
                    HEIGHT="64.0">
            <Shape><Polygon POINTS="57 1181 58 1201 84 1192 119 1196 120 1196 198 1191 210 1198 211 1199 212 1199 213 1199 214 1200 261 1200 261 1199 262 1199 263 1199 266 1197 274 1193 282 1197 285 1198 286 1198 287 1198 302 1196 328 1193 352 1195 370 1197 371 1197 372 1197 376 1195 388 1189 478 1193 491 1193 492 1193 498 1192 527 1188 536 1192 547 1196 548 1196 549 1197 582 1197 582 1196 583 1196 604 1190 615 1188 634 1190 687 1195 688 1195 898 1183 899 1173 894 1139 886 1145 856 1145 847 1140 842 1137 841 1137 840 1137 839 1137 832 1140 822 1145 800 1140 790 1138 789 1138 788 1138 782 1140 770 1147 721 1147 700 1141 690 1138 689 1138 688 1138 687 1138 679 1141 666 1148 618 1148 609 1141 606 1139 605 1139 604 1139 603 1139 602 1139 596 1142 580 1148 558 1143 557 1143 556 1143 496 1148 484 1142 483 1142 482 1142 481 1142 476 1142 438 1149 399 1143 383 1141 382 1141 381 1141 380 1141 377 1143 363 1151 310 1151 285 1144 277 1142 276 1142 275 1142 251 1144 219 1147 198 1144 183 1143 182 1143 181 1143 175 1145 160 1149 152 1145 150 1144 149 1144 148 1144 56 1145 57 1181"/></Shape>
	    <String CONTENT="ſurditatẽ neſcias, an uarietatem atq; inter ſe pugnantiam"
                    HPOS="56.0"
                    VPOS="1137.0"
                    WIDTH="843.0"
                    HEIGHT="64.0"
                    WC="0.9929380684063353"></String>
          </TextLine>
          <TextLine ID="line_21"
                    TAGREFS="LT8"
                    BASELINE="57 1229 902 1221" 
                    HPOS="54.0"
                    VPOS="1181.0"
                    WIDTH="847.0"
                    HEIGHT="63.0">
            <Shape><Polygon POINTS="56 1228 56 1244 899 1238 901 1220 898 1188 769 1181 641 1192 632 1183 589 1183 508 1194 431 1185 427 1185 416 1194 389 1185 367 1197 300 1197 280 1186 273 1186 262 1197 206 1197 192 1188 153 1197 139 1188 134 1188 54 1199 56 1228"/></Shape>
	    <String CONTENT="magis admireris, cymbam Euangelij ille quatiebat iacta¬"
                    HPOS="54.0"
                    VPOS="1181.0"
                    WIDTH="847.0"
                    HEIGHT="63.0"
                    WC="0.9996520725163547"></String>
          </TextLine>
          <TextLine ID="line_22"
                    TAGREFS="LT8"
                    BASELINE="58 1280 902 1272" 
                    HPOS="56.0"
                    VPOS="1230.0"
                    WIDTH="845.0"
                    HEIGHT="73.0">
            <Shape><Polygon POINTS="57 1278 57 1294 137 1303 167 1294 214 1303 226 1292 287 1292 297 1302 333 1292 369 1302 375 1302 384 1292 414 1300 431 1291 459 1300 495 1292 560 1300 607 1292 696 1299 743 1288 866 1297 901 1286 898 1242 791 1230 786 1230 775 1241 710 1233 696 1244 591 1244 567 1231 539 1244 489 1233 453 1244 439 1233 387 1233 373 1245 290 1236 259 1245 223 1235 148 1247 61 1236 56 1241 57 1278"/></Shape>
	    <String CONTENT="batq́;·Idq́; haudquaquã ſine ſucceſſu, quippe breui à Pau"
                    HPOS="56.0"
                    VPOS="1230.0"
                    WIDTH="845.0"
                    HEIGHT="73.0"></String>
          </TextLine>
          <TextLine ID="line_23"
                    TAGREFS="LT8"
                    BASELINE="57 1329 902 1322" 
                    HPOS="54.0"
                    VPOS="1283.0"
                    WIDTH="847.0"
                    HEIGHT="61.0">
            <Shape><Polygon POINTS="56 1328 56 1344 899 1336 901 1321 898 1292 741 1283 740 1283 738 1283 721 1292 719 1292 702 1292 613 1285 611 1285 527 1286 525 1286 524 1286 524 1288 519 1292 516 1294 492 1292 439 1286 438 1286 397 1292 367 1296 326 1292 286 1288 284 1288 251 1292 206 1297 54 1292 56 1328"/></Shape>
	    <String CONTENT="lo, quo nemo unquam maiore uel ſedulitate, uel dexterita"
                    HPOS="54.0"
                    VPOS="1283.0"
                    WIDTH="847.0"
                    HEIGHT="61.0"
                    WC="0.9770853242703846"></String>
          </TextLine>
          <TextLine ID="line_24"
                    TAGREFS="LT8"
                    BASELINE="57 1379 902 1371" 
                    HPOS="54.0"
                    VPOS="1331.0"
                    WIDTH="847.0"
                    HEIGHT="65.0">
            <Shape><Polygon POINTS="56 1378 56 1394 611 1396 766 1386 874 1392 901 1381 901 1369 896 1333 686 1341 636 1331 627 1342 536 1342 513 1333 472 1346 416 1346 398 1335 359 1344 353 1344 339 1335 331 1335 316 1346 250 1336 214 1346 198 1336 192 1336 158 1347 131 1338 54 1349 56 1378"/></Shape>
	    <String CONTENT="te, Christum prædicauit, neq; placere ad bonum omnibus"
                    HPOS="54.0"
                    VPOS="1331.0"
                    WIDTH="847.0"
                    HEIGHT="65.0"></String>
          </TextLine>
          <TextLine ID="line_25"
                    TAGREFS="LT8"
                    BASELINE="61 1428 902 1421" 
                    HPOS="57.0"
                    VPOS="1381.0"
                    WIDTH="844.0"
                    HEIGHT="68.0">
            <Shape><Polygon POINTS="59 1427 59 1449 899 1436 901 1419 896 1381 785 1389 747 1383 730 1381 729 1381 727 1381 725 1381 722 1385 711 1391 643 1386 597 1383 596 1383 594 1383 578 1388 558 1392 447 1389 292 1386 290 1386 289 1386 269 1394 265 1394 261 1394 225 1388 223 1388 222 1388 220 1388 220 1389 214 1394 212 1396 201 1396 120 1388 118 1388 57 1397 59 1427"/></Shape>
	    <String CONTENT="quiſquam magis ſtuduit, ut qui omnib· omnia fieret, ut uel"
                    HPOS="57.0"
                    VPOS="1381.0"
                    WIDTH="844.0"
                    HEIGHT="68.0"
                    WC="0.9920535652801908"></String>
          </TextLine>
          <TextLine ID="line_26"
                    TAGREFS="LT8"
                    BASELINE="58 1478 902 1471" 
                    HPOS="56.0"
                    VPOS="1433.0"
                    WIDTH="845.0"
                    HEIGHT="61.0">
            <Shape><Polygon POINTS="57 1477 57 1491 729 1494 730 1494 732 1494 733 1494 743 1486 830 1492 832 1492 899 1483 901 1469 898 1442 757 1433 755 1433 754 1433 730 1442 727 1442 707 1442 564 1435 563 1435 561 1435 544 1442 539 1444 530 1442 500 1436 499 1436 428 1442 391 1446 380 1442 366 1438 364 1438 362 1438 361 1438 348 1442 341 1446 323 1442 295 1438 294 1438 253 1442 219 1447 208 1442 198 1439 197 1439 195 1439 193 1439 183 1442 168 1447 56 1444 57 1477"/></Shape>
	    <String CONTENT="aliquos lucraretur, omnes Aſianos abalienauerat. Timo¬"
                    HPOS="56.0"
                    VPOS="1433.0"
                    WIDTH="845.0"
                    HEIGHT="61.0"
                    WC="0.9992842343118455"></String>
          </TextLine>
          <TextLine ID="line_27"
                    TAGREFS="LT8"
                    BASELINE="58 1529 902 1524" 
                    HPOS="56.0"
                    VPOS="1480.0"
                    WIDTH="845.0"
                    HEIGHT="69.0">
            <Shape><Polygon POINTS="57 1528 57 1541 184 1549 226 1541 267 1549 294 1539 322 1549 467 1549 506 1539 840 1544 899 1535 901 1522 896 1480 772 1489 752 1480 688 1480 668 1491 649 1482 586 1491 563 1482 556 1482 547 1491 513 1483 475 1492 459 1485 366 1492 355 1483 267 1483 256 1494 233 1485 198 1494 145 1485 106 1494 68 1485 56 1492 57 1528"/></Shape>
	    <String CONTENT="theo ſiquidem ſuo ſic quæstum legimus. Nosti hoc, quod"
                    HPOS="56.0"
                    VPOS="1480.0"
                    WIDTH="845.0"
                    HEIGHT="69.0"
                    WC="0.9777666727701823"></String>
          </TextLine>
          <TextLine ID="line_28"
                    TAGREFS="LT8"
                    BASELINE="57 1580 473 1580 902 1570" 
                    HPOS="54.0"
                    VPOS="1528.0"
                    WIDTH="847.0"
                    HEIGHT="80.0">
            <Shape><Polygon POINTS="56 1578 56 1597 115 1597 128 1608 136 1608 145 1597 175 1608 181 1608 198 1596 312 1607 336 1594 472 1605 552 1593 707 1602 765 1589 819 1599 824 1599 837 1589 865 1600 901 1589 898 1538 854 1528 832 1538 813 1530 796 1536 788 1528 719 1538 643 1530 605 1539 499 1533 491 1543 297 1544 187 1535 175 1546 161 1536 76 1536 54 1544 56 1578"/></Shape>
	    <String CONTENT="auerſati fuerint me omnes, qui ſunt in Aſia, id est, indu¬"
                    HPOS="54.0"
                    VPOS="1528.0"
                    WIDTH="847.0"
                    HEIGHT="80.0"></String>
          </TextLine>
          <TextLine ID="line_29"
                    TAGREFS="LT8"
                    BASELINE="59 1632 248 1630" 
                    HPOS="58.0"
                    VPOS="1588.0"
                    WIDTH="190.0"
                    HEIGHT="70.0">
            <Shape><Polygon POINTS="59 1632 59 1657 86 1652 105 1656 116 1658 117 1658 118 1658 124 1655 133 1650 152 1654 170 1657 172 1657 173 1657 174 1657 174 1656 178 1652 183 1647 203 1651 213 1652 214 1652 248 1648 248 1630 247 1597 230 1589 229 1589 228 1589 227 1589 210 1596 198 1588 197 1588 195 1588 194 1588 193 1588 192 1588 182 1595 180 1597 159 1597 157 1594 151 1590 151 1589 150 1589 149 1589 148 1589 146 1589 145 1589 138 1594 131 1598 114 1598 107 1593 102 1589 101 1589 100 1589 99 1589 58 1591 59 1632"/></Shape>
	    <String CONTENT="bie plurimi·"
                    HPOS="58.0"
                    VPOS="1588.0"
                    WIDTH="190.0"
                    HEIGHT="70.0"
                    WC="0.9981944213310877"></String>
          </TextLine>
        </TextBlock>
        <TextBlock HPOS="900.0"
                   VPOS="1164.0"
                   WIDTH="167.0"
                   HEIGHT="302.0"
                   ID="eSc_textblock_68e2eb59"
                   TAGREFS="BT990">
          <Shape><Polygon POINTS="900 1164 900 1466 1064 1447 1067 1164"/></Shape>
          <TextLine ID="eSc_line_a2e9cfc1"
                    TAGREFS="LT8"
                    BASELINE="909 1221 1047 1220" 
                    HPOS="907.0"
                    VPOS="1181.0"
                    WIDTH="139.0"
                    HEIGHT="57.0">
            <Shape><Polygon POINTS="908 1220 908 1238 1045 1236 1046 1219 1043 1183 907 1181 908 1220"/></Shape>
	    <String CONTENT="Quo ſuc¬"
                    HPOS="907.0"
                    VPOS="1181.0"
                    WIDTH="139.0"
                    HEIGHT="57.0"></String>
          </TextLine>
          <TextLine ID="eSc_line_ad27729f"
                    TAGREFS="LT8"
                    BASELINE="909 1272 1063 1271" 
                    HPOS="908.0"
                    VPOS="1231.0"
                    WIDTH="154.0"
                    HEIGHT="63.0">
            <Shape><Polygon POINTS="908 1270 908 1288 918 1294 919 1294 921 1294 923 1294 966 1288 977 1286 1060 1291 1062 1270 1062 1233 908 1231 908 1270"/></Shape>
	    <String CONTENT="ceſſu cõtra"
                    HPOS="908.0"
                    VPOS="1231.0"
                    WIDTH="154.0"
                    HEIGHT="63.0"
                    WC="0.930782730380694"></String>
          </TextLine>
          <TextLine ID="eSc_line_cc84600f"
                    TAGREFS="LT8"
                    BASELINE="909 1322 1064 1321" 
                    HPOS="907.0"
                    VPOS="1278.0"
                    WIDTH="156.0"
                    HEIGHT="58.0">
            <Shape><Polygon POINTS="908 1321 908 1336 1062 1336 1063 1319 1060 1283 907 1278 908 1321"/></Shape>
	    <String CONTENT="Pauli Euã"
                    HPOS="907.0"
                    VPOS="1278.0"
                    WIDTH="156.0"
                    HEIGHT="58.0"
                    WC="0.999749094247818"></String>
          </TextLine>
          <TextLine ID="eSc_line_9a1c3815"
                    TAGREFS="LT8"
                    BASELINE="909 1371 1064 1370" 
                    HPOS="908.0"
                    VPOS="1325.0"
                    WIDTH="155.0"
                    HEIGHT="66.0">
            <Shape><Polygon POINTS="908 1369 910 1391 935 1383 984 1386 1038 1391 1040 1391 1041 1391 1063 1381 1063 1369 1063 1325 908 1325 908 1369"/></Shape>
	    <String CONTENT="gel. Satan"
                    HPOS="908.0"
                    VPOS="1325.0"
                    WIDTH="155.0"
                    HEIGHT="66.0"
                    WC="0.9956336796283722"></String>
          </TextLine>
          <TextLine ID="eSc_line_463c3a2b"
                    TAGREFS="LT8"
                    BASELINE="909 1421 1040 1420" 
                    HPOS="908.0"
                    VPOS="1381.0"
                    WIDTH="130.0"
                    HEIGHT="65.0">
            <Shape><Polygon POINTS="908 1419 908 1446 1038 1433 1038 1419 1038 1386 908 1381 908 1419"/></Shape>
	    <String CONTENT="ſæuierit·"
                    HPOS="908.0"
                    VPOS="1381.0"
                    WIDTH="130.0"
                    HEIGHT="65.0"
                    WC="0.9995372891426086"></String>
          </TextLine>
        </TextBlock>
        <TextBlock HPOS="519.0"
                   VPOS="1592.0"
                   WIDTH="180.0"
                   HEIGHT="73.0"
                   ID="eSc_textblock_aef93c49"
                   TAGREFS="BT17">
          <Shape><Polygon POINTS="519 1592 522 1665 699 1665 699 1599"/></Shape>
          <TextLine ID="line_31"
                    TAGREFS="LT8"
                    BASELINE="622 1630 664 1630" 
                    HPOS="622.0"
                    VPOS="1603.0"
                    WIDTH="42.0"
                    HEIGHT="51.0">
            <Shape><Polygon POINTS="622 1630 622 1654 664 1645 664 1630 663 1603 622 1607 622 1630"/></Shape>
	    <String CONTENT="2"
                    HPOS="622.0"
                    VPOS="1603.0"
                    WIDTH="42.0"
                    HEIGHT="51.0"
                    WC="0.9998325109481812"></String>
          </TextLine>
          <TextLine ID="line_30"
                    TAGREFS="LT8"
                    BASELINE="538 1631 610 1631" 
                    HPOS="538.0"
                    VPOS="1593.0"
                    WIDTH="72.0"
                    HEIGHT="53.0">
            <Shape><Polygon POINTS="538 1631 538 1643 609 1646 610 1631 609 1611 586 1613 574 1601 566 1594 566 1593 565 1593 564 1593 538 1593 538 1631"/></Shape>
	    <String CONTENT="A"
                    HPOS="538.0"
                    VPOS="1593.0"
                    WIDTH="72.0"
                    HEIGHT="53.0"
                    WC="0.9949259757995605"></String>
          </TextLine>
        </TextBlock>
        <TextBlock HPOS="923.0"
                   VPOS="1477.0"
                   WIDTH="172.0"
                   HEIGHT="85.0"
                   ID="eSc_textblock_9c5b3405"
                   TAGREFS="BT990">
          <Shape><Polygon POINTS="923 1477 923 1562 1092 1559 1094 1513 1095 1480"/></Shape>
          <TextLine ID="eSc_line_f4ae3156"
                    TAGREFS="LT8"
                    BASELINE="909 1524 1071 1529" 
                    HPOS="907.0"
                    VPOS="1460.0"
                    WIDTH="163.0"
                    HEIGHT="87.0">
            <Shape><Polygon POINTS="908 1522 907 1547 1068 1547 1070 1528 1066 1483 1029 1460 1027 1460 1026 1460 982 1460 980 1460 979 1460 977 1460 952 1477 949 1478 908 1474 908 1522"/></Shape>
	    <String CONTENT="2 Thess"
                    HPOS="907.0"
                    VPOS="1460.0"
                    WIDTH="163.0"
                    HEIGHT="87.0"></String>
          </TextLine>
        </TextBlock>
        <TextBlock HPOS="732.0"
                   VPOS="1589.0"
                   WIDTH="210.0"
                   HEIGHT="79.0"
                   ID="eSc_textblock_aae35871"
                   TAGREFS="BT17">
          <Shape><Polygon POINTS="732 1592 732 1668 938 1668 942 1668 942 1589"/></Shape>
          <TextLine ID="line_32"
                    TAGREFS="LT8"
                    BASELINE="741 1631 899 1626" 
                    HPOS="739.0"
                    VPOS="1584.0"
                    WIDTH="160.0"
                    HEIGHT="67.0">
            <Shape><Polygon POINTS="741 1631 741 1646 814 1651 815 1651 816 1651 837 1643 842 1642 899 1642 899 1626 897 1590 880 1584 879 1584 878 1584 877 1584 864 1590 842 1587 841 1587 798 1593 797 1593 780 1586 779 1586 778 1586 739 1594 741 1631"/></Shape>
	    <String CONTENT="Vt autem"
                    HPOS="739.0"
                    VPOS="1584.0"
                    WIDTH="160.0"
                    HEIGHT="67.0"></String>
          </TextLine>
        </TextBlock>
        <TextBlock HPOS="876.0"
                   VPOS="523.0"
                   WIDTH="190.0"
                   HEIGHT="472.0"
                   ID="eSc_textblock_2c67982f"
                   TAGREFS="BT990">
          <Shape><Polygon POINTS="876 523 896 995 1056 985 1066 529"/></Shape>
          <TextLine ID="eSc_line_c3ea38a5"
                    TAGREFS="LT8"
                    BASELINE="912 569 1047 576" 
                    HPOS="908.0"
                    VPOS="523.0"
                    WIDTH="138.0"
                    HEIGHT="63.0">
            <Shape><Polygon POINTS="1037 528 1034 528 1027 531 1013 526 1005 526 990 526 974 526 959 525 943 525 927 525 919 523 910 523 910 567 908 581 1043 586 1046 575 1043 528 1037 528"/></Shape>
	    <String CONTENT="Confirma"
                    HPOS="908.0"
                    VPOS="523.0"
                    WIDTH="138.0"
                    HEIGHT="63.0"
                    WC="0.9991037473082542"></String>
          </TextLine>
          <TextLine ID="eSc_line_cad1d179"
                    TAGREFS="LT8"
                    BASELINE="898 625 1049 625" 
                    HPOS="896.0"
                    VPOS="576.0"
                    WIDTH="152.0"
                    HEIGHT="64.0">
            <Shape><Polygon POINTS="896 623 896 631 934 640 935 640 968 636 1009 631 1045 640 1048 623 1046 576 896 578 896 623"/></Shape>
	    <String CONTENT="re, nõ deij"
                    HPOS="896.0"
                    VPOS="576.0"
                    WIDTH="152.0"
                    HEIGHT="64.0"
                    WC="0.9985177665948868"></String>
          </TextLine>
          <TextLine ID="eSc_line_513b9965"
                    TAGREFS="LT8"
                    BASELINE="898 671 1049 674" 
                    HPOS="894"
                    VPOS="625"
                    WIDTH="154"
                    HEIGHT="61">
            <Shape><Polygon POINTS="974 625 959 625 943 625 932 625 896 626 896 670 894 681 1045 686 1048 673 1046 634 990 625 974 625"/></Shape>
	    <String CONTENT="cere debet,"
                    HPOS="894"
                    VPOS="625"
                    WIDTH="154"
                    HEIGHT="61"></String>
          </TextLine>
          <TextLine ID="eSc_line_55d6f3fa"
                    TAGREFS="LT8"
                    BASELINE="903 722 1058 732" 
                    HPOS="901.0"
                    VPOS="680.0"
                    WIDTH="156.0"
                    HEIGHT="57.0">
            <Shape><Polygon POINTS="904 680 902 720 901 733 944 728 966 736 971 737 973 737 974 737 1056 736 1057 731 1057 697 1052 689"/></Shape>
	    <String CONTENT="quod Eu¬"
                    HPOS="901.0"
                    VPOS="680.0"
                    WIDTH="156.0"
                    HEIGHT="57.0"
                    WC="0.9999662265181541"></String>
          </TextLine>
          <TextLine ID="eSc_line_6622953b"
                    TAGREFS="LT8"
                    BASELINE="898 771 1035 769" 
                    HPOS="894.0"
                    VPOS="726.0"
                    WIDTH="140.0"
                    HEIGHT="55.0">
            <Shape><Polygon POINTS="896 781 1034 781 1034 767 1031 734 963 726 962 726 894 736 896 770"/></Shape>
	    <String CONTENT="angelion"
                    HPOS="894.0"
                    VPOS="726.0"
                    WIDTH="140.0"
                    HEIGHT="55.0"
                    WC="0.9996078908443451"></String>
          </TextLine>
          <TextLine ID="eSc_line_2da9d4da"
                    TAGREFS="LT8"
                    BASELINE="898 821 1058 819" 
                    HPOS="894.0"
                    VPOS="781.0"
                    WIDTH="163.0"
                    HEIGHT="50.0">
            <Shape><Polygon POINTS="896 831 1057 828 1057 817 1052 781 894 781 896 820"/></Shape>
	    <String CONTENT="noſtrũ ua"
                    HPOS="894.0"
                    VPOS="781.0"
                    WIDTH="163.0"
                    HEIGHT="50.0"
                    WC="0.9965039610862731"></String>
          </TextLine>
          <TextLine ID="eSc_line_4cd43d5c"
                    TAGREFS="LT8"
                    BASELINE="898 870 1058 868" 
                    HPOS="894.0"
                    VPOS="828.0"
                    WIDTH="163.0"
                    HEIGHT="58.0">
            <Shape><Polygon POINTS="896 869 896 886 1056 884 1057 867 1052 828 1002 836 894 830 896 869"/></Shape>
	    <String CONTENT="rijs errori"
                    HPOS="894.0"
                    VPOS="828.0"
                    WIDTH="163.0"
                    HEIGHT="58.0"></String>
          </TextLine>
          <TextLine ID="eSc_line_5866e487"
                    TAGREFS="LT8"
                    BASELINE="898 921 1055 917" 
                    HPOS="894.0"
                    VPOS="873.0"
                    WIDTH="160.0"
                    HEIGHT="63.0">
            <Shape><Polygon POINTS="896 936 1054 930 1054 916 1046 873 1032 883 1007 875 1005 875 1004 875 1002 875 968 884 955 877 954 877 952 877 951 877 949 877 948 877 932 886 894 877 896 920"/></Shape>
	    <String CONTENT="bus oppu¬"
                    HPOS="894.0"
                    VPOS="873.0"
                    WIDTH="160.0"
                    HEIGHT="63.0"
                    WC="0.9998876319991218"></String>
          </TextLine>
          <TextLine ID="eSc_line_0c80019f"
                    TAGREFS="LT8"
                    BASELINE="898 972 1016 969" 
                    HPOS="896.0"
                    VPOS="927.0"
                    WIDTH="119.0"
                    HEIGHT="64.0">
            <Shape><Polygon POINTS="896 991 1015 980 1015 967 1012 936 938 927 937 927 935 927 927 930 915 936 896 928 896 970 896 991"/></Shape>
	    <String CONTENT="gnatur."
                    HPOS="896.0"
                    VPOS="927.0"
                    WIDTH="119.0"
                    HEIGHT="64.0"
                    WC="0.9998511757169452"></String>
          </TextLine>
        </TextBlock>
      </PrintSpace>
    </Page>
  </Layout>
</alto>
