1128 1876
92 114 665 59 M. BVCERI COMMENTARIVS

42 187 843 55 comparabilis ſiquidem dignitas erat eſſe legatum IESV

46 232 837 56 Christi, idq́ ex uoluntate Dei, eam tamen Paulus quamli

46 281 835 58 bet modeſtus, nequaquam dißimulauit, ſed in gloriam dei

50 330 830 60 & fratrum ſalutem, ingenue profeſſus est. Certa ſunt do

45 381 833 58 na Dei, eoq́ ut uere adeſſe ſentiuntur, ita debent indißi¬

50 431 828 56 mulanter, ſed in gloriam donatoris ac fratrum ſalutem,

50 481 828 56 proferri atque ſuo modo oſtentari· Poſtremo monemur,

47 528 834 62 neminem poſſe legatũ Chriſti eſſe gloriæq́ eius preconẽ,

51 583 833 54 niſi ex uoluntate mißioneq Dei· Quomodo enim prædi¬

48 629 833 57 cabunt niſi mittantur? ſcribit Apoſtolus Romanis: Lega¬

50 678 831 59 tum nan Chriſti is agit, qui annunciat ipſum unicũ eße

53 728 828 60 ſaluatorẽ, idq́; agit quecũq; à ſpiritu dei extruſus fuerit,

51 778 836 57 ut quã plurimos huic cæleſti regi adducat· Huiuſmodi aũt

55 824 830 65 ꝗduel cogitare poſſet ex ſeſe mortalis? Cor. Paul· ſcribit,

52 877 835 61 ubi de hac ſua legatione loqtur, nos haudquaq idoneos eſ¬

54 928 833 60 se, qui ex nobiſipſis cogitemus qequam, tanq ex nobiſipſis

56 977 833 56 &c· Nemo ergo legatum Ieſu Chriſti aget, hoc eſt, Euan

56 1027 833 58 gelion ſinceriter annunciabit, niſi ad hoc opus, ex uolun¬

54 1075 281 61 tate Dei extruſus:

108 1122 784 58 Tantum abest ab eo, ut tanquã nõ mißus, non ſit audi

56 1174 820 64 endus, qui Christi doctrinã pure quidẽ tradiderit, nõ autẽ

57 1220 819 76 ſimul uita expreſſerit. Vtcunq uita habet, quicũq recte

57 1270 819 71 Christũ prædicat, is id ex ſeſe cogitare nõ potuit, eoq́ à

57 1324 819 67 deo ad hoc miſſus eſt, acuæ ei, ꝗ quæ prædicat cõtẽpſerit,

57 1372 819 63 multũ enim interest, inter ultrocurrentes, qui ſua aut alio

59 1426 829 63 rũ figmenta prædicant, & qui ipſißimã Chriſti uerita¬

58 1476 825 74 tem, quam nemo docebit niſi impulſus miſſusq́; diuinitus·

899 1208 88 75 Quis

898 1264 115 67 Chriſti

899 1324 128 79 Apoſto¬

899 1372 47 66 lus·

574 1531 33 51 E

643 1535 73 54 2

759 1523 129 74 Impelli

832 115 44 61 18
