1128 1876
279.0 142.0 399.0 57.0 EPISTOLA¬

48.0 215.0 846.0 48.0 tribuerent. Donec Mahometh ſua figmenta, operibus

47.0 252.0 844.0 62.0 mixta legis, & noſtri, ſua iuncta in ſpeciem Euangelicis,

47.0 300.0 850.0 64.0 orbi obtruſcrunt, eoq́; rem perduxerunt, ut nihil feré fidu

48.0 353.0 847.0 58.0 tiæ in bonitatem Dei, omnis uero ſpes, in conficta ab ho¬

47.0 402.0 846.0 62.0 minibus opera, eáque nullam frugem proximis adferen¬

47.0 451.0 843.0 62.0 tia, cuiuſmodi bona opera Deus requirit, tantum non ab

47.0 504.0 453.0 54.0 uniuerſo mundo collocaretur.

55.0 577.0 834.0 35.0 Podemconjmo, reddito dudut nobls Ellangello, ex quo

46.0 600.0 842.0 60.0 iam orbis diſcere incipit, nos natura filios iræ, & nihil bo

45.0 647.0 846.0 61.0 ni à nobis uelcogitare poſſe, Dei autem, qui ante conditũ

45.0 697.0 846.0 62.0 mundum nos ſibi in filios elegit, gratuita beneuolentia ſpi£

43.0 747.0 848.0 65.0 ritum ſanguine CHRISTI promeritum donari, quo de

44.0 801.0 847.0 59.0 ipſius bonitate, ut bene ſperamus, ita & ſtudio ipſius, ad

44.0 851.0 844.0 60.0 honeſta ſanctaq́; rapimur, præcipue autem, ut proximis

44.0 901.0 864.0 58.0 commodemus, neq; dubitamus, hac uelut arra obſignati in

45.0 952.0 846.0 58.0 redemptionem, olim nos Chriſti beneficio, omnis peccati

46.0 1002.0 845.0 57.0 puros, & æternæ felicitatis plene compotes fore, ſalutis

45.0 1049.0 847.0 60.0 noſtræ inimicus, rurſum excitat, qui ad externa opera, ea

48.0 1100.0 842.0 62.0 q́; non ſolũ infrugifera, ſedet noxia, à fidutia benignitatis

45.0 1153.0 845.0 52.0 diuinæ, acriore, quã ulli antea studio, reuocare laborant.

86.0 1200.0 807.0 61.0 Baptiſmum ſiquidem hi, imò rebaptiſmum ſupra quã

46.0 1253.0 841.0 57.0 dici queat, urgent, ſed quo te ab omnibus, qui illum reijci¬

43.0 1297.0 842.0 64.0 unt, quamlibet ſanctis Christi membris ſepares, atque ne

45.0 1349.0 840.0 65.0 magistratui, quem & negant poſſe Chriſtianumeſſe, iu¬

43.0 1396.0 842.0 59.0 rando, & arma pro re publica ſumẽdo obtẽpares, adſtrin

45.0 1444.0 840.0 67.0 gas. Hi prædeſtinationis & electionis Dei certitudinem

46.0 1494.0 839.0 67.0 rident, & in impletione legis, ſed ad ipſoruminterpre¬

45.0 1547.0 840.0 78.0 tationem, ſæpe abſurdam, ad quam uires quoque adeſſe

899.0 653.0 156.0 47.0 Quiu do¬

904.0 689.0 150.0 61.0 ceat Euan

894.0 736.0 107.0 81.0 gelion¬

898.0 1394.0 145.0 59.0 Errores

898.0 1441.0 162.0 66.0 quidã Ca¬

899.0 1492.0 153.0 77.0 tabaptiſta

899.0 1552.0 72.0 58.0 rum.

536.0 1612.0 137.0 48.0 A 3

738.0 1608.0 147.0 66.0 omnibus
