1128 1876
44 199 843 51 tis, & abalienati à R. Pub. Iſraelis, at extra

46 232 843 62 nei à fœderibus, |promiſſionẽ in ſe continẽti

45 284 841 65 bus, nullam ſpem habentes, & ſine Deo ac

48 333 562 65 plane impij habiti in mundo.

263 125 398 52 EPISTOLA.

91 406 796 37 Nunc uero insiti Christo Iesu, qui lõge era¬

47 428 839 68 tis, facti eſtis prope, per ſanguinem Chriſti.

47 479 841 63 Ipſe enim author eſt pacis noſtræ, qui fecit ex

47 528 840 66 utriſq unum̃, ſublato per ſacrificium corpo¬

51 577 840 63 ris ſui interſtitio maceriæ, inimicitia, abolita

51 625 839 57 indelege, mandata & decreta continente, ut

53 673 836 63 duos ſibijpſi cõderet in unũ nouũ hominẽ,

54 724 836 66 paceq facta cõglutinaret duos, in unum cor¬

56 773 834 67 pus Deo per crucem, extincta in ſemetipſo

54 825 216 56 inimicitia.

853 126 25 52 11

64 877 826 61 Et adueniens Euangelizauit pacem uobis

52 921 839 62 qui eratis longe, ut & ijs qui prope fuerunt.

54 969 835 62 Per ipſum enim utrique aditum habemus

54 1018 613 60 ad patrem, afflati eodem ſpiritu.

940 372 50 65 50

96 1065 789 61 Proinde iam non eſtis hoſpites & aduene,

57 1118 834 57 ſed conciues ſanctis, atque domeſtici Dei, inę

56 1164 839 61 dificati fundamento, quo & Apoſtoli atque

59 1212 835 63 Prophetæ inædificati ſunt, exiſtente ſummo

58 1264 839 60 angulari lapide Ieſu Chriſto, per quem omne

59 1312 838 62 ædificiũ coagmentatũ, exurgit in templũ ſan

59 1361 836 60 ctum Domino, perquem & uos coædifica¬

60 1410 837 65 mini in domicilium Dei, agente in uobis

60 1461 151 65 ſpiritu.

944 861 49 89 60

948 1058 51 86 70

285 1509 378 64 CAPVT III

634 1572 96 55 B 3

797 1554 112 71 Huius
