1128 1876
313 124 729 61 IN EPISTOLAM AD EPHESIOS·

256 192 839 63 quidã, quod cognomina ſua aliqui fratrum, dũ latine ſcri

255 234 836 66 bunt, uel in latinã linguam aut græcã uertũt, uel ad modũ

254 280 829 71 barũ inflectunt. Adeo non minus rara quã eximia res eſt,

254 331 754 70 recto de rebus istis externis iudicio eſſe præditum·

386 414 575 55 Ex uoluntate Dei legatus

515 449 292 76 Ieſu Chriſti.

308 533 777 68 Eplithetis ſemper Paulus ad inſtitutum ſuum facienti¬

255 575 829 75 bus uti ſolet, deſcribere Epheſijs ſinceriorem rationem

255 631 827 72 Chriſtianiſmi hac Epistola uoluit, & falutem per Domi¬

255 681 824 66 num noſtrum Ieſum Christum partam pectorib· corum

255 728 826 73 penitius inſerere, ſe igitur legatum Ieſu Chriſti laudat, uo

255 776 827 77 lens ſignificare ſe non aliud quàm ſalutis illorum negoci¬

248 835 834 63 um, ex mandato Seruatoris & uoluntate patris apud cos

244 881 839 68 hac Epistola acturum· Atq; ita uel breui hoc titulo Ephe¬

248 932 832 66 ſiorum animos beneuolos & attentos ſibi reddidit· Quis

243 982 839 66 enim non ex animo uelit & studioſe quidem audire lega¬

243 1031 839 68 tum Ieſu Chriſti, id eſt, Seruatoris et uncti regis, qui ſuos

249 1081 832 67 ſpiritu ſancto donatos, iustos & beatos reddit, eoq́; non

242 1129 839 70 niſi ſalutaria mandat? Ad idem facit, quod ſe ex decreto pa

243 1181 645 65 tris Dei hac ſalutis legatione fungi teſtatur·

92 646 125 29 Quibus

81 663 149 63 Epithetis

79 716 158 63 Paulus u¬

80 768 100 58 tatur·

289 1232 793 63 Docemur uero hic primum, ut his præcipue nomini¬

243 1281 836 65 bus nos fratribus commendemus, quæ proxime fecerint

241 1330 839 67 ad promouendam apud illos, ut gloriam Dei, ita & ipſo¬

241 1380 839 66 rum ſalutem, hoc est, quibus illis ſimus uſui, non quibus

239 1432 841 62 admirationi, multo minus quibus terrori· Deinde, ut di¬

242 1483 838 74 gnationem erganos Dei ingenue præ nobis feramus· In¬

938 1546 137 59 compa¬
