<?xml version="1.0" encoding="UTF-8"?>
<alto xmlns:xsi="http://www.w3.org/2001/XMLSchema-instance"
      xmlns="http://www.loc.gov/standards/alto/ns-v4#"
      xsi:schemaLocation="http://www.loc.gov/standards/alto/ns-v4# http://www.loc.gov/standards/alto/v4/alto-4-2.xsd">
  <Description>
    <MeasurementUnit>pixel</MeasurementUnit>
    <sourceImageInformation>
      <fileName>bsb00035303_00002.jpg</fileName>
    </sourceImageInformation>
  </Description>
  <Tags>
    <OtherTag ID="BT7" LABEL="CustomZone" DESCRIPTION="block type CustomZone"/><OtherTag ID="BT8" LABEL="DamageZone" DESCRIPTION="block type DamageZone"/><OtherTag ID="BT9" LABEL="DigitizationArtefactZone" DESCRIPTION="block type DigitizationArtefactZone"/><OtherTag ID="BT10" LABEL="DropCapitalZone" DESCRIPTION="block type DropCapitalZone"/><OtherTag ID="BT11" LABEL="GraphicZone" DESCRIPTION="block type GraphicZone"/><OtherTag ID="BT12" LABEL="MainZone" DESCRIPTION="block type MainZone"/><OtherTag ID="BT13" LABEL="MarginTextZone" DESCRIPTION="block type MarginTextZone"/><OtherTag ID="BT14" LABEL="MusicZone" DESCRIPTION="block type MusicZone"/><OtherTag ID="BT15" LABEL="NumberingZone" DESCRIPTION="block type NumberingZone"/><OtherTag ID="BT17" LABEL="QuireMarksZone" DESCRIPTION="block type QuireMarksZone"/><OtherTag ID="BT18" LABEL="RunningTitleZone" DESCRIPTION="block type RunningTitleZone"/><OtherTag ID="BT19" LABEL="SealZone" DESCRIPTION="block type SealZone"/><OtherTag ID="BT20" LABEL="StampZone" DESCRIPTION="block type StampZone"/><OtherTag ID="BT21" LABEL="TableZone" DESCRIPTION="block type TableZone"/><OtherTag ID="BT22" LABEL="TitlePageZone" DESCRIPTION="block type TitlePageZone"/><OtherTag ID="BT985" LABEL="MainZone-Other" DESCRIPTION="block type MainZone-Other"/><OtherTag ID="BT986" LABEL="MainZone-Signature" DESCRIPTION="block type MainZone-Signature"/><OtherTag ID="BT987" LABEL="MainZone-Head" DESCRIPTION="block type MainZone-Head"/><OtherTag ID="BT988" LABEL="MainZone-P" DESCRIPTION="block type MainZone-P"/><OtherTag ID="BT989" LABEL="MainZone-P-Continued" DESCRIPTION="block type MainZone-P-Continued"/><OtherTag ID="BT990" LABEL="MarginTextZone-Notes" DESCRIPTION="block type MarginTextZone-Notes"/><OtherTag ID="BT991" LABEL="MainZone-Lg" DESCRIPTION="block type MainZone-Lg"/>
    <OtherTag ID="LT7" LABEL="CustomLine" DESCRIPTION="line type CustomLine"/><OtherTag ID="LT8" LABEL="DefaultLine" DESCRIPTION="line type DefaultLine"/><OtherTag ID="LT9" LABEL="DropCapitalLine" DESCRIPTION="line type DropCapitalLine"/><OtherTag ID="LT10" LABEL="HeadingLine" DESCRIPTION="line type HeadingLine"/><OtherTag ID="LT11" LABEL="InterlinearLine" DESCRIPTION="line type InterlinearLine"/><OtherTag ID="LT12" LABEL="MusicLine" DESCRIPTION="line type MusicLine"/>
  </Tags>
  <Layout>
    <Page WIDTH="1128"
          HEIGHT="1876"
          PHYSICAL_IMG_NR="1"
          ID="eSc_dummypage_">
      <PrintSpace HPOS="0"
                  VPOS="0"
                  WIDTH="1128"
                  HEIGHT="1876">
        <TextBlock HPOS="401.0"
                   VPOS="165.0"
                   WIDTH="523.0"
                   HEIGHT="55.0"
                   ID="block_3"
                   TAGREFS="BT18">
          <Shape><Polygon POINTS="924 165 924 220 401 220 401 165"/></Shape>
          <TextLine ID="line_0"
                    TAGREFS="LT10"
                    BASELINE="404 204 921 196" 
                    HPOS="403.0"
                    VPOS="166.0"
                    WIDTH="518.0"
                    HEIGHT="55.0">
            <Shape><Polygon POINTS="909 171 903 171 893 171 883 171 872 171 862 171 856 171 855 173 810 173 808 171 799 171 789 171 778 171 768 171 757 171 747 171 737 171 726 171 716 171 705 171 699 171 694 175 690 171 684 171 674 171 664 171 653 171 648 171 643 175 638 171 632 171 622 171 611 171 607 171 594 176 589 171 580 171 570 171 559 171 549 171 544 171 543 173 540 171 538 171 528 171 518 171 507 171 506 171 494 177 487 171 486 171 476 171 466 171 455 171 445 171 434 171 424 171 423 166 403 166 404 204 405 220 425 215 460 220 472 221 473 221 474 221 475 221 477 220 487 213 518 219 524 220 525 220 526 220 529 219 551 212 569 219 570 219 571 219 572 219 573 219 574 219 584 212 605 218 607 219 608 219 609 219 610 219 612 218 623 214 731 217 738 217 739 217 740 217 741 217 751 211 767 217 768 217 769 217 770 217 773 217 817 209 826 216 827 216 828 216 829 216 830 216 847 208 920 215 921 196 916 171 914 171"/></Shape>
	    <String CONTENT="ARGVMENTVM·"
                    HPOS="403.0"
                    VPOS="166.0"
                    WIDTH="518.0"
                    HEIGHT="55.0"></String>
          </TextLine>
        </TextBlock>
        <TextBlock HPOS="213.0"
                   VPOS="220.0"
                   WIDTH="869.0"
                   HEIGHT="399.0"
                   ID="eSc_textblock_b4980107"
                   TAGREFS="BT987">
          <Shape><Polygon POINTS="1082 220 1082 619 213 619 213 220"/></Shape>
          <TextLine ID="eSc_line_1676ef87"
                    TAGREFS="LT8"
                    BASELINE="240 371 1044 355" 
                    HPOS="234.0"
                    VPOS="220.0"
                    WIDTH="809.0"
                    HEIGHT="164.0">
            <Shape><Polygon POINTS="239 375 342 373 384 384 423 372 436 383 497 375 560 381 603 368 636 376 643 376 650 367 750 376 761 364 890 364 902 373 1013 364 1038 372 1043 354 1037 220 985 221 955 237 907 228 885 237 774 229 757 240 743 231 736 231 713 240 680 232 553 247 455 247 436 232 398 232 367 248 348 234 234 234 239 370"/></Shape>
	    <String CONTENT="ILLVSTRIS"
                    HPOS="234.0"
                    VPOS="220.0"
                    WIDTH="809.0"
                    HEIGHT="164.0"
                    WC="0.9999940130445693"></String>
          </TextLine>
          <TextLine ID="line_2"
                    TAGREFS="LT8"
                    BASELINE="306 433 1001 425" 
                    HPOS="305.0"
                    VPOS="385.0"
                    WIDTH="696.0"
                    HEIGHT="58.0">
            <Shape><Polygon POINTS="306 433 306 443 1000 437 1001 425 998 389 938 391 930 389 919 385 918 385 917 385 895 389 879 392 864 389 848 386 847 386 846 386 836 389 823 395 702 395 695 390 694 389 693 389 692 389 691 389 680 390 636 396 617 390 611 389 610 389 609 389 599 390 562 397 493 391 478 390 477 390 463 391 384 399 372 392 371 392 305 392 306 433"/></Shape>
	    <String CONTENT="SIMOET PIENTISSIMO PRIN¬"
                    HPOS="305.0"
                    VPOS="385.0"
                    WIDTH="696.0"
                    HEIGHT="58.0"
                    WC="0.9999043320616087"></String>
          </TextLine>
          <TextLine ID="line_3"
                    TAGREFS="LT8"
                    BASELINE="336 502 973 490" 
                    HPOS="335.0"
                    VPOS="451.0"
                    WIDTH="638.0"
                    HEIGHT="66.0">
            <Shape><Polygon POINTS="336 502 336 512 389 517 390 517 470 510 474 510 476 510 508 515 509 515 634 507 639 507 641 507 679 512 680 512 681 512 682 512 690 506 713 510 714 510 747 505 748 505 749 505 797 510 798 510 799 510 800 510 811 504 891 508 892 508 973 500 973 490 970 461 943 461 942 461 927 451 926 451 925 451 924 451 923 451 891 462 889 463 854 463 852 463 839 454 838 454 837 454 836 454 835 454 834 454 819 463 818 464 798 464 747 464 738 458 737 458 736 458 734 458 733 458 710 465 700 456 700 455 699 455 698 455 697 455 642 460 625 456 624 456 623 456 622 456 589 467 587 469 555 469 554 469 543 458 542 458 541 458 540 458 538 458 496 470 494 470 479 459 478 459 477 459 476 459 475 459 440 471 438 471 436 471 397 460 396 460 395 460 335 472 336 502"/></Shape>
	    <String CONTENT="cipi· Fridericho, Schleſiorum &amp; Ligniciæ"
                    HPOS="335.0"
                    VPOS="451.0"
                    WIDTH="638.0"
                    HEIGHT="66.0"></String>
          </TextLine>
          <TextLine ID="line_4"
                    TAGREFS="LT8"
                    BASELINE="397 552 918 539" 
                    HPOS="395.0"
                    VPOS="502.0"
                    WIDTH="523.0"
                    HEIGHT="68.0">
            <Shape><Polygon POINTS="397 552 397 570 439 570 439 569 440 569 442 569 442 568 443 568 447 562 470 568 475 568 476 568 484 566 527 560 557 564 566 565 567 565 582 564 628 558 645 562 650 563 651 563 652 563 653 563 657 561 671 557 716 560 736 561 737 561 738 561 745 559 761 555 918 555 918 539 916 507 897 503 896 503 895 503 894 503 889 507 886 509 883 507 877 503 877 502 876 502 875 502 874 502 840 503 839 503 838 503 830 508 823 512 805 508 798 507 797 507 796 507 793 508 782 514 696 514 683 510 675 507 674 507 673 507 672 507 671 507 668 510 660 515 648 510 642 508 641 508 640 508 639 508 638 508 634 510 626 516 592 512 591 512 590 512 578 517 572 511 571 511 570 511 569 511 568 511 567 511 552 519 511 512 502 511 501 511 500 511 497 512 480 522 457 522 447 513 446 512 445 512 444 512 443 512 395 513 397 552"/></Shape>
	    <String CONTENT="Duci &amp;c·Martinus Bucerus ſalu¬"
                    HPOS="395.0"
                    VPOS="502.0"
                    WIDTH="523.0"
                    HEIGHT="68.0"
                    WC="0.9995572765668234"></String>
          </TextLine>
          <TextLine ID="line_5"
                    TAGREFS="LT8"
                    BASELINE="509 599 832 590" 
                    HPOS="507.0"
                    VPOS="555.0"
                    WIDTH="325.0"
                    HEIGHT="64.0">
            <Shape><Polygon POINTS="509 599 509 609 545 618 546 618 547 618 573 609 597 619 598 619 599 619 670 618 702 616 703 616 726 605 742 605 751 612 751 613 752 613 753 613 754 613 755 613 774 603 832 601 832 590 828 555 813 562 769 558 768 558 767 558 765 558 704 565 688 561 670 557 669 557 668 557 667 557 640 564 632 565 626 564 595 559 594 559 593 559 592 559 582 566 579 569 565 568 524 564 523 564 522 564 507 569 509 599"/></Shape>
	    <String CONTENT="tem Christi precatur."
                    HPOS="507.0"
                    VPOS="555.0"
                    WIDTH="325.0"
                    HEIGHT="64.0"></String>
          </TextLine>
        </TextBlock>
        <TextBlock HPOS="247.0"
                   VPOS="673.0"
                   WIDTH="416.0"
                   HEIGHT="400.0"
                   ID="eSc_textblock_6dea40f0"
                   TAGREFS="BT10">
          <Shape><Polygon POINTS="663 1073 663 673 247 673 247 1073"/></Shape>
          <TextLine ID="eSc_line_e5c5b9f5"
                    TAGREFS="LT9"
                    BASELINE="283 1017 631 1024" 
                    HPOS="278"
                    VPOS="980"
                    WIDTH="352"
                    HEIGHT="114">
            <Shape><Polygon POINTS="278 1094 627 1094 630 1023 630 995 610 984 608 984 607 984 563 983 561 983 560 983 558 983 558 984 547 995 519 984 517 984 516 984 449 994 447 994 425 980 423 980 422 980 420 980 281 989 281 1016"/></Shape>
	    <String CONTENT="P"
                    HPOS="278"
                    VPOS="980"
                    WIDTH="352"
                    HEIGHT="114"></String>
          </TextLine>
        </TextBlock>
        <TextBlock HPOS="212"
                   VPOS="667"
                   WIDTH="903"
                   HEIGHT="1017"
                   ID="eSc_textblock_6a5006d7"
                   TAGREFS="BT988">
          <Shape><Polygon POINTS="514 670 1115 667 1097 1684 212 1684 212 1361 244 1361 244 1348 247 1348 247 1129 244 1129 244 1115 212 1115 212 667"/></Shape>
          <TextLine ID="line_6"
                    TAGREFS="LT8"
                    BASELINE="677 712 1082 703" 
                    HPOS="676.0"
                    VPOS="695.0"
                    WIDTH="406.0"
                    HEIGHT="34.0">
            <Shape><Polygon POINTS="1072 695 1062 695 1051 695 1041 695 1031 695 1020 695 1010 695 999 695 989 695 978 695 968 695 958 695 947 695 937 695 926 695 916 695 905 695 899 695 676 699 677 712 677 722 694 729 695 729 696 729 697 729 723 722 802 726 803 726 804 726 805 726 814 720 843 727 844 727 845 727 880 720 945 725 946 725 1000 723 1001 723 1014 717 1051 722 1052 722 1053 722 1082 712 1082 703 1080 695 1072 695"/></Shape>
	    <String CONTENT="Rouidentia Dei compara¬"
                    HPOS="676.0"
                    VPOS="695.0"
                    WIDTH="406.0"
                    HEIGHT="34.0"></String>
          </TextLine>
          <TextLine ID="line_7"
                    TAGREFS="LT8"
                    BASELINE="675 761 1079 754" 
                    HPOS="674.0"
                    VPOS="716.0"
                    WIDTH="405.0"
                    HEIGHT="60.0">
            <Shape><Polygon POINTS="675 761 675 775 789 776 790 776 791 776 800 772 804 770 826 771 881 774 883 774 884 774 885 774 890 769 892 768 898 769 924 773 925 773 926 773 941 768 943 767 946 767 971 772 972 772 973 772 974 772 982 766 983 766 985 766 1015 771 1016 771 1079 762 1079 754 1077 725 1043 716 1042 716 1041 716 1040 716 1018 726 1017 726 1011 726 968 722 967 722 966 722 965 722 960 727 959 728 917 728 917 727 897 719 896 719 895 719 788 720 742 730 741 731 674 731 675 761"/></Shape>
	    <String CONTENT="tum est, clarißime &amp; reli¬"
                    HPOS="674.0"
                    VPOS="716.0"
                    WIDTH="405.0"
                    HEIGHT="60.0"
                    WC="0.9834829156215374"></String>
          </TextLine>
          <TextLine ID="line_8"
                    TAGREFS="LT8"
                    BASELINE="680 809 1080 804" 
                    HPOS="679.0"
                    VPOS="767.0"
                    WIDTH="401.0"
                    HEIGHT="63.0">
            <Shape><Polygon POINTS="680 829 712 822 722 828 723 829 724 829 725 829 726 830 756 830 756 829 757 829 758 829 763 826 774 819 801 824 802 824 849 818 874 818 880 822 886 826 887 826 888 826 889 826 890 826 904 821 913 818 917 820 926 826 927 826 928 826 929 827 973 827 973 826 974 826 1001 817 1002 817 1014 825 1015 825 1016 825 1017 826 1036 826 1036 825 1037 825 1080 813 1080 804 1077 767 1059 767 1058 767 1057 767 1056 767 1056 768 1047 776 1013 776 1001 769 998 768 997 768 996 768 995 768 990 770 969 776 941 771 937 771 936 771 935 771 933 772 916 778 865 778 859 774 850 769 849 769 848 769 847 769 846 769 826 775 818 778 808 776 779 770 778 770 720 775 708 771 707 771 706 771 705 771 679 780 680 809"/></Shape>
	    <String CONTENT="gioſißime Princeps, ut quã"
                    HPOS="679.0"
                    VPOS="767.0"
                    WIDTH="401.0"
                    HEIGHT="63.0"
                    WC="0.9959328903092278"></String>
          </TextLine>
          <TextLine ID="line_9"
                    TAGREFS="LT8"
                    BASELINE="678 859 1082 854" 
                    HPOS="677.0"
                    VPOS="816.0"
                    WIDTH="405.0"
                    HEIGHT="59.0">
            <Shape><Polygon POINTS="678 859 678 870 803 875 804 875 805 875 823 869 824 869 914 872 915 872 941 867 943 867 945 867 968 873 969 873 970 873 971 873 972 873 979 867 979 866 1008 866 1013 866 1059 872 1060 872 1061 872 1082 865 1082 854 1080 825 1055 819 1053 819 997 823 977 816 976 816 975 816 974 816 973 816 960 825 900 826 893 820 893 819 892 819 891 819 838 817 837 817 756 828 713 819 712 819 710 819 677 828 678 859"/></Shape>
	    <String CONTENT="docunque hactenus ſincera"
                    HPOS="677.0"
                    VPOS="816.0"
                    WIDTH="405.0"
                    HEIGHT="59.0"
                    WC="0.9838181233406067"></String>
          </TextLine>
          <TextLine ID="line_10"
                    TAGREFS="LT8"
                    BASELINE="680 911 1082 905" 
                    HPOS="679.0"
                    VPOS="868.0"
                    WIDTH="403.0"
                    HEIGHT="60.0">
            <Shape><Polygon POINTS="680 911 680 928 746 920 754 926 754 927 755 927 756 927 757 927 758 927 821 919 872 926 878 926 879 926 885 925 914 919 942 925 946 925 947 925 948 925 949 924 961 918 971 924 972 924 973 924 974 924 975 924 976 924 987 916 1021 916 1035 922 1036 922 1037 922 1038 922 1039 922 1046 916 1081 922 1082 905 1081 875 1066 868 1065 868 1064 868 1063 868 1062 868 1062 869 1056 874 978 868 977 868 976 868 975 868 966 875 964 876 935 876 909 874 851 870 850 870 830 874 812 878 801 874 794 871 793 871 768 871 767 871 766 871 765 871 765 872 763 874 757 878 745 874 742 873 741 873 740 873 739 873 738 873 737 874 728 879 679 874 680 911"/></Shape>
	    <String CONTENT="Dei ſcientia in publicum"
                    HPOS="679.0"
                    VPOS="868.0"
                    WIDTH="403.0"
                    HEIGHT="60.0"
                    WC="0.9997077559431394"></String>
          </TextLine>
          <TextLine ID="line_11"
                    TAGREFS="LT8"
                    BASELINE="679 961 1080 954" 
                    HPOS="678.0"
                    VPOS="918.0"
                    WIDTH="402.0"
                    HEIGHT="61.0">
            <Shape><Polygon POINTS="679 961 679 979 728 979 728 978 729 978 730 978 731 977 740 971 777 971 783 975 786 977 787 977 788 977 789 977 874 975 894 971 909 968 923 970 948 973 949 973 950 973 962 968 966 967 970 968 986 973 987 973 988 973 1060 972 1061 972 1080 964 1080 954 1076 919 878 927 873 925 861 918 860 918 859 918 791 919 790 919 789 919 778 927 776 929 772 928 747 920 746 920 745 920 678 930 679 961"/></Shape>
	    <String CONTENT="prodierit, ilico et errorum"
                    HPOS="678.0"
                    VPOS="918.0"
                    WIDTH="402.0"
                    HEIGHT="61.0"
                    WC="0.9977840030634845"></String>
          </TextLine>
          <TextLine ID="line_12"
                    TAGREFS="LT8"
                    BASELINE="676 1011 1082 1005" 
                    HPOS="675.0"
                    VPOS="968.0"
                    WIDTH="407.0"
                    HEIGHT="61.0">
            <Shape><Polygon POINTS="676 1011 676 1022 707 1022 708 1022 717 1029 718 1029 719 1029 720 1029 721 1029 740 1022 744 1021 748 1022 766 1027 767 1027 768 1027 769 1027 770 1027 776 1022 777 1021 783 1022 808 1025 810 1025 831 1021 839 1020 841 1021 847 1026 847 1027 848 1027 849 1027 850 1028 872 1028 872 1027 873 1027 874 1027 874 1026 879 1021 881 1019 928 1019 929 1021 935 1025 935 1026 936 1026 937 1026 938 1026 1000 1025 1001 1025 1002 1025 1011 1020 1016 1017 1024 1020 1036 1024 1037 1024 1038 1024 1082 1019 1082 1005 1079 975 1047 975 1046 975 1036 968 1035 968 1034 968 1033 968 1032 968 1011 976 1009 976 1000 976 955 972 954 972 953 972 941 977 939 978 923 978 922 977 916 971 916 970 915 970 914 970 913 970 912 970 911 970 902 977 901 977 899 977 819 971 818 971 817 971 816 971 806 979 805 979 790 972 789 972 754 972 753 972 752 972 733 980 731 981 675 981 676 1011"/></Shape>
	    <String CONTENT="uenti, undique ingruerint,"
                    HPOS="675.0"
                    VPOS="968.0"
                    WIDTH="407.0"
                    HEIGHT="61.0"></String>
          </TextLine>
          <TextLine ID="line_13"
                    TAGREFS="LT8"
                    BASELINE="680 1059 1081 1053" 
                    HPOS="679.0"
                    VPOS="1015.0"
                    WIDTH="402.0"
                    HEIGHT="65.0">
            <Shape><Polygon POINTS="680 1059 680 1080 745 1080 745 1079 746 1079 750 1077 762 1071 782 1075 783 1075 785 1075 795 1070 824 1070 827 1074 830 1076 830 1077 831 1077 832 1077 834 1077 835 1077 845 1073 852 1071 857 1073 870 1077 871 1077 872 1077 873 1077 874 1077 881 1072 885 1070 895 1071 924 1075 925 1075 926 1075 927 1075 927 1074 933 1070 935 1068 937 1070 944 1074 945 1074 946 1074 947 1074 975 1068 984 1067 1006 1067 1007 1067 1016 1074 1017 1074 1018 1074 1019 1074 1020 1074 1021 1074 1021 1073 1028 1066 1030 1066 1049 1074 1050 1074 1051 1074 1052 1074 1081 1064 1081 1053 1079 1024 1065 1024 1057 1016 1057 1015 1056 1015 1055 1015 1053 1015 1052 1015 1039 1021 996 1016 995 1016 947 1025 944 1025 930 1025 893 1024 885 1017 884 1017 883 1017 881 1017 880 1017 879 1017 879 1018 872 1026 871 1027 859 1027 857 1026 850 1019 850 1018 849 1018 848 1018 847 1018 846 1018 829 1026 828 1026 808 1019 807 1019 806 1019 766 1024 747 1019 746 1019 745 1019 679 1027 680 1059"/></Shape>
	    <String CONTENT="qui ſi deturbare è medio il¬"
                    HPOS="679.0"
                    VPOS="1015.0"
                    WIDTH="402.0"
                    HEIGHT="65.0"
                    WC="0.9812356254150127"></String>
          </TextLine>
          <TextLine ID="line_14"
                    TAGREFS="LT8"
                    BASELINE="247 1119 1085 1104" 
                    HPOS="244.0"
                    VPOS="1066.0"
                    WIDTH="840.0"
                    HEIGHT="68.0">
            <Shape><Polygon POINTS="245 1117 245 1128 520 1134 522 1134 710 1122 769 1130 771 1130 772 1130 790 1122 799 1130 801 1130 802 1130 804 1130 1084 1114 1084 1103 1077 1066 1049 1074 995 1067 979 1066 977 1066 959 1067 913 1074 838 1070 804 1069 802 1069 801 1069 794 1070 777 1078 768 1072 768 1070 766 1070 765 1070 699 1070 697 1070 696 1070 694 1070 694 1072 693 1072 693 1074 686 1080 646 1074 638 1074 636 1074 630 1074 594 1083 244 1083 245 1117"/></Shape>
	    <String CONTENT="lam nequirent, tantum pulueris tamen opinionum terre¬"
                    HPOS="244.0"
                    VPOS="1066.0"
                    WIDTH="840.0"
                    HEIGHT="68.0"
                    WC="0.9890371819712082"></String>
          </TextLine>
          <TextLine ID="eSc_line_77e07299"
                    TAGREFS="LT8"
                    BASELINE="257 1168 1085 1153" 
                    HPOS="255.0"
                    VPOS="1116.0"
                    WIDTH="829.0"
                    HEIGHT="72.0">
            <Shape><Polygon POINTS="256 1167 256 1188 502 1188 502 1186 503 1186 505 1186 514 1180 519 1177 541 1180 585 1185 586 1185 588 1185 605 1178 613 1175 627 1177 666 1183 668 1183 669 1183 686 1175 691 1174 702 1175 744 1181 746 1181 747 1181 763 1174 766 1172 777 1174 824 1178 826 1178 827 1178 829 1178 837 1172 844 1178 846 1178 847 1178 849 1178 851 1178 852 1178 862 1170 863 1169 999 1167 1001 1167 1046 1175 1048 1175 1049 1175 1084 1164 1084 1152 1079 1116 255 1128 256 1167"/></Shape>
	    <String CONTENT="na reſipientium, atque inde dißidiorum excitarint, ut"
                    HPOS="255.0"
                    VPOS="1116.0"
                    WIDTH="829.0"
                    HEIGHT="72.0"
                    WC="0.994055301513312"></String>
          </TextLine>
          <TextLine ID="eSc_line_9f3426d2"
                    TAGREFS="LT8"
                    BASELINE="257 1217 1085 1202" 
                    HPOS="255.0"
                    VPOS="1163.0"
                    WIDTH="829.0"
                    HEIGHT="75.0">
            <Shape><Polygon POINTS="256 1216 256 1238 1084 1214 1084 1200 1081 1170 999 1163 998 1163 959 1170 852 1166 851 1166 849 1166 830 1174 503 1172 502 1172 500 1172 499 1172 488 1180 422 1174 420 1174 419 1174 417 1174 417 1175 411 1181 395 1175 394 1175 392 1175 255 1185 256 1216"/></Shape>
	    <String CONTENT="per paucis, hoc eſt, electis duntaxat, atq; ex his multis ne¬"
                    HPOS="255.0"
                    VPOS="1163.0"
                    WIDTH="829.0"
                    HEIGHT="75.0"></String>
          </TextLine>
          <TextLine ID="eSc_line_dad4c2d0"
                    TAGREFS="LT8"
                    BASELINE="257 1268 1087 1253" 
                    HPOS="255.0"
                    VPOS="1213.0"
                    WIDTH="830.0"
                    HEIGHT="79.0">
            <Shape><Polygon POINTS="256 1267 256 1292 336 1292 347 1281 398 1288 414 1288 452 1278 475 1288 522 1280 578 1286 608 1274 682 1274 780 1281 843 1272 872 1280 929 1269 948 1269 1057 1277 1085 1264 1085 1252 1079 1213 1054 1220 1046 1213 1041 1213 980 1222 924 1214 913 1224 852 1216 802 1225 777 1217 749 1227 671 1219 666 1219 652 1228 603 1220 583 1230 561 1222 502 1231 464 1224 459 1224 452 1231 337 1227 255 1235 256 1267"/></Shape>
	    <String CONTENT="quaquam ἀνιδρωτι, illa rite conſpecta fuerit. Viſum"
                    HPOS="255.0"
                    VPOS="1213.0"
                    WIDTH="830.0"
                    HEIGHT="79.0"
                    WC="0.9878398821904109"></String>
          </TextLine>
          <TextLine ID="eSc_line_f31ac011"
                    TAGREFS="LT8"
                    BASELINE="257 1319 1086 1302" 
                    HPOS="255.0"
                    VPOS="1263.0"
                    WIDTH="830.0"
                    HEIGHT="73.0">
            <Shape><Polygon POINTS="256 1317 256 1331 480 1336 481 1336 483 1336 484 1336 499 1328 630 1333 632 1333 708 1324 1062 1324 1063 1324 1065 1324 1085 1314 1085 1300 1081 1263 855 1274 826 1269 797 1266 796 1266 794 1266 793 1266 785 1270 777 1275 719 1272 632 1269 630 1269 575 1277 553 1280 525 1278 434 1274 433 1274 431 1274 405 1283 402 1283 398 1283 362 1275 361 1275 255 1286 256 1317"/></Shape>
	    <String CONTENT="namq; Deo ſoli bono ac ſapienti est, bonitatis ac uirtutis"
                    HPOS="255.0"
                    VPOS="1263.0"
                    WIDTH="830.0"
                    HEIGHT="73.0"></String>
          </TextLine>
          <TextLine ID="line_19"
                    TAGREFS="LT8"
                    BASELINE="249 1370 1086 1353" 
                    HPOS="248.0"
                    VPOS="1316.0"
                    WIDTH="838.0"
                    HEIGHT="71.0">
            <Shape><Polygon POINTS="249 1370 249 1387 301 1381 330 1386 333 1386 334 1386 335 1386 336 1386 359 1377 438 1383 439 1383 440 1383 458 1375 502 1379 503 1379 504 1379 505 1379 512 1374 614 1377 615 1377 688 1371 715 1378 717 1378 718 1378 719 1378 720 1378 722 1377 747 1370 767 1376 768 1376 769 1377 771 1377 810 1377 810 1376 811 1376 812 1376 826 1369 862 1375 866 1375 867 1375 875 1375 944 1367 972 1373 976 1373 977 1373 1086 1370 1086 1353 1084 1324 1050 1316 1049 1316 1048 1316 1030 1324 990 1317 989 1317 988 1317 987 1317 975 1325 973 1325 928 1318 927 1318 893 1319 892 1319 875 1326 873 1327 870 1326 842 1320 841 1320 840 1320 826 1327 824 1327 792 1321 791 1321 790 1321 766 1328 759 1330 689 1330 684 1329 669 1323 668 1323 667 1323 666 1323 645 1329 638 1331 626 1330 593 1325 592 1325 591 1325 579 1330 575 1333 572 1330 564 1325 562 1325 561 1325 560 1325 559 1325 547 1331 542 1334 532 1331 510 1326 509 1326 474 1333 451 1336 434 1333 412 1328 411 1328 410 1328 409 1328 403 1333 398 1337 373 1334 349 1330 348 1330 347 1330 338 1334 329 1338 248 1336 249 1370"/></Shape>
	    <String CONTENT="ſuæ gloriam, contra luctantibus poteſtatibus aduerſarijs,"
                    HPOS="248.0"
                    VPOS="1316.0"
                    WIDTH="838.0"
                    HEIGHT="71.0"
                    WC="0.9916876272151345"></String>
          </TextLine>
          <TextLine ID="line_20"
                    TAGREFS="LT8"
                    BASELINE="247 1420 1087 1402" 
                    HPOS="247.0"
                    VPOS="1365.0"
                    WIDTH="840.0"
                    HEIGHT="72.0">
            <Shape><Polygon POINTS="247 1428 276 1437 277 1437 278 1437 279 1437 312 1428 342 1436 344 1436 345 1436 437 1426 443 1426 447 1426 493 1433 494 1433 528 1432 529 1432 530 1432 540 1425 542 1424 544 1425 555 1430 556 1430 557 1430 558 1430 573 1425 578 1423 593 1424 636 1429 638 1429 639 1429 640 1429 640 1428 646 1424 648 1422 656 1424 682 1428 683 1428 684 1428 701 1423 712 1420 741 1423 778 1426 779 1426 780 1426 792 1422 804 1418 823 1422 837 1424 838 1424 856 1421 889 1416 947 1416 962 1420 969 1422 970 1422 971 1422 989 1420 1020 1415 1028 1419 1033 1421 1034 1421 1035 1421 1087 1418 1087 1402 1085 1372 1050 1365 1049 1365 1048 1365 1025 1372 1022 1373 1020 1372 997 1366 996 1366 995 1366 994 1366 977 1373 974 1374 963 1373 906 1368 905 1368 904 1368 884 1374 877 1376 860 1375 806 1370 805 1370 804 1370 792 1376 787 1378 754 1376 689 1372 688 1372 687 1372 685 1372 678 1377 674 1380 661 1377 641 1373 640 1373 639 1373 638 1373 631 1378 628 1381 590 1383 554 1379 522 1376 521 1376 520 1376 512 1380 505 1384 481 1380 458 1377 457 1377 456 1377 448 1380 438 1385 414 1381 393 1378 391 1378 370 1381 337 1389 256 1389 248 1384 247 1420 247 1428"/></Shape>
	    <String CONTENT="&amp; ex infirmitate ſuorum illuſtrem reddere. Hinc ſanctis"
                    HPOS="247.0"
                    VPOS="1365.0"
                    WIDTH="840.0"
                    HEIGHT="72.0"
                    WC="0.99130173813213"></String>
          </TextLine>
          <TextLine ID="line_21"
                    TAGREFS="LT8"
                    BASELINE="247 1468 1091 1452" 
                    HPOS="246.0"
                    VPOS="1415.0"
                    WIDTH="845.0"
                    HEIGHT="71.0">
            <Shape><Polygon POINTS="247 1468 247 1479 275 1486 276 1486 307 1478 316 1477 334 1478 400 1484 401 1484 402 1484 418 1477 419 1477 457 1483 458 1483 507 1475 528 1473 553 1475 610 1479 611 1479 668 1473 697 1470 703 1472 715 1477 716 1477 717 1477 753 1472 761 1471 767 1471 807 1476 808 1476 845 1470 867 1467 923 1467 927 1469 934 1473 935 1473 936 1473 937 1473 938 1473 954 1469 965 1466 971 1468 979 1472 981 1472 982 1472 1091 1466 1091 1452 1088 1415 1003 1416 1002 1416 1001 1416 1000 1417 988 1424 968 1418 965 1417 964 1417 963 1417 906 1418 905 1418 904 1418 902 1420 895 1424 850 1421 812 1419 811 1419 810 1419 808 1419 804 1423 797 1428 774 1423 754 1420 753 1420 752 1420 743 1424 733 1429 717 1425 698 1421 697 1421 696 1421 678 1426 665 1432 528 1434 513 1432 478 1425 477 1425 476 1425 475 1425 467 1433 464 1434 460 1433 442 1429 440 1429 439 1429 421 1435 418 1435 415 1435 398 1427 397 1427 396 1427 395 1427 363 1436 358 1437 353 1436 325 1432 324 1432 323 1432 322 1432 313 1438 246 1439 247 1468"/></Shape>
	    <String CONTENT="non cum ſanguine &amp; carne, humano ſcilicet hoſte, ſed ad"
                    HPOS="246.0"
                    VPOS="1415.0"
                    WIDTH="845.0"
                    HEIGHT="71.0"
                    WC="0.996000477400693"></String>
          </TextLine>
          <TextLine ID="line_22"
                    TAGREFS="LT8"
                    BASELINE="243 1518 1088 1504" 
                    HPOS="242.0"
                    VPOS="1467.0"
                    WIDTH="846.0"
                    HEIGHT="67.0">
            <Shape><Polygon POINTS="243 1518 243 1527 306 1534 307 1534 378 1526 379 1526 437 1532 438 1532 439 1532 458 1525 471 1531 472 1531 473 1531 504 1524 512 1529 513 1529 515 1529 516 1529 581 1523 582 1523 583 1523 624 1528 625 1528 659 1522 689 1527 690 1527 691 1527 692 1527 698 1521 699 1521 712 1521 874 1524 875 1524 876 1524 877 1524 885 1519 1019 1522 1020 1522 1088 1515 1088 1504 1086 1475 1021 1467 1020 1467 901 1477 890 1478 889 1478 880 1472 879 1472 878 1472 877 1472 876 1472 859 1478 857 1479 768 1479 761 1479 746 1472 745 1472 697 1472 696 1472 695 1472 663 1480 631 1473 630 1473 629 1473 628 1473 618 1482 597 1475 596 1475 595 1475 594 1475 571 1483 533 1475 532 1475 496 1485 492 1486 454 1486 453 1485 437 1476 436 1476 435 1476 434 1476 412 1482 401 1477 400 1477 399 1477 398 1477 397 1477 385 1486 313 1478 312 1478 311 1478 285 1488 283 1489 242 1489 243 1518"/></Shape>
	    <String CONTENT="uerſus cæleſtes uerſutias, mundi dominos, præter bellum,"
                    HPOS="242.0"
                    VPOS="1467.0"
                    WIDTH="846.0"
                    HEIGHT="67.0"
                    WC="0.997142859867641"></String>
          </TextLine>
          <TextLine ID="line_23"
                    TAGREFS="LT8"
                    BASELINE="244 1567 1088 1551" 
                    HPOS="243.0"
                    VPOS="1514.0"
                    WIDTH="845.0"
                    HEIGHT="75.0">
            <Shape><Polygon POINTS="244 1567 244 1589 319 1578 432 1584 455 1585 456 1585 457 1585 462 1584 486 1574 501 1582 502 1582 503 1582 504 1582 533 1573 592 1580 614 1582 615 1582 616 1582 617 1582 620 1578 624 1576 644 1578 674 1581 675 1581 676 1581 677 1581 681 1577 690 1571 719 1570 842 1572 857 1572 859 1572 860 1572 862 1572 877 1567 890 1571 899 1574 900 1574 901 1574 920 1570 938 1566 950 1569 972 1575 973 1575 974 1575 975 1575 996 1568 1006 1565 1086 1565 1088 1551 1085 1514 1030 1522 1022 1517 1021 1517 1020 1517 1019 1517 976 1522 908 1518 876 1517 875 1517 874 1517 873 1517 870 1519 864 1523 850 1520 840 1518 839 1518 838 1518 837 1518 834 1520 826 1525 786 1522 750 1519 749 1519 721 1523 699 1527 683 1524 663 1521 661 1521 660 1521 648 1525 640 1528 632 1526 618 1522 617 1522 616 1522 594 1527 580 1531 570 1528 551 1523 550 1523 549 1523 519 1529 517 1529 516 1529 484 1524 483 1524 482 1524 470 1531 468 1532 464 1531 443 1525 442 1525 440 1525 366 1534 355 1535 351 1535 322 1527 321 1527 320 1527 299 1536 298 1537 243 1537 244 1567"/></Shape>
	    <String CONTENT="quod caro ipſorũ, aduerſus ſpiritũ citra inducias gerit, nõ"
                    HPOS="243.0"
                    VPOS="1514.0"
                    WIDTH="845.0"
                    HEIGHT="75.0"
                    WC="0.9877402455576004"></String>
          </TextLine>
          <TextLine ID="line_24"
                    TAGREFS="LT8"
                    BASELINE="243 1618 1082 1606" 
                    HPOS="242.0"
                    VPOS="1568.0"
                    WIDTH="840.0"
                    HEIGHT="71.0">
            <Shape><Polygon POINTS="243 1618 243 1631 321 1631 357 1639 358 1639 359 1639 381 1630 385 1628 428 1628 431 1630 443 1637 444 1637 445 1637 446 1637 447 1637 448 1637 457 1630 459 1627 523 1626 558 1630 581 1632 582 1632 599 1630 622 1626 628 1630 638 1635 639 1635 640 1635 695 1630 757 1623 774 1630 782 1633 783 1633 785 1633 895 1631 896 1631 900 1630 913 1624 923 1628 924 1628 925 1628 926 1628 927 1628 934 1623 948 1628 949 1628 957 1630 1010 1630 1011 1630 1015 1630 1040 1623 1080 1628 1082 1606 1077 1568 1049 1576 1032 1569 1031 1569 1030 1569 966 1570 965 1570 963 1571 945 1578 930 1572 929 1572 928 1572 851 1577 831 1574 820 1572 819 1572 802 1575 770 1581 742 1576 732 1575 731 1575 730 1575 725 1576 707 1583 701 1577 697 1574 696 1574 695 1574 677 1574 676 1574 675 1574 659 1578 641 1585 553 1585 542 1582 530 1578 529 1578 528 1578 483 1583 447 1587 395 1586 391 1586 382 1578 381 1578 380 1578 379 1578 321 1588 307 1590 242 1590 243 1618"/></Shape>
	    <String CONTENT="minus ſæuum &amp; atrox, quàmanceps &amp; periculoſum,"
                    HPOS="242.0"
                    VPOS="1568.0"
                    WIDTH="840.0"
                    HEIGHT="71.0"
                    WC="0.9951651882618031"></String>
          </TextLine>
          <TextLine ID="line_25"
                    TAGREFS="LT8"
                    BASELINE="250 1670 676 1663" 
                    HPOS="249.0"
                    VPOS="1623.0"
                    WIDTH="427.0"
                    HEIGHT="77.0">
            <Shape><Polygon POINTS="250 1670 250 1700 271 1700 271 1699 272 1699 273 1699 273 1698 281 1690 301 1698 305 1700 306 1700 307 1700 333 1698 334 1698 335 1698 335 1697 336 1697 341 1691 360 1697 366 1699 368 1699 369 1699 370 1699 371 1699 374 1697 382 1692 413 1696 431 1698 432 1698 433 1698 442 1695 457 1691 476 1695 488 1697 489 1697 491 1697 492 1697 495 1694 508 1683 554 1682 619 1682 630 1691 632 1693 632 1694 633 1694 634 1694 635 1694 675 1690 676 1663 673 1623 610 1632 589 1626 581 1624 580 1624 579 1624 578 1624 570 1626 548 1634 492 1634 446 1632 378 1627 377 1627 376 1627 375 1627 375 1628 368 1634 365 1636 340 1635 263 1633 262 1633 261 1633 249 1637 250 1670"/></Shape>
	    <String CONTENT="perpetuò depugnandum eſt·"
                    HPOS="249.0"
                    VPOS="1623.0"
                    WIDTH="427.0"
                    HEIGHT="77.0"
                    WC="0.9666866522568923"></String>
          </TextLine>
        </TextBlock>
        <TextBlock HPOS="47.0"
                   VPOS="1102.0"
                   WIDTH="197.0"
                   HEIGHT="233.0"
                   ID="eSc_textblock_5cc2b1ce"
                   TAGREFS="BT990">
          <Shape><Polygon POINTS="47 1102 47 1335 244 1335 244 1102"/></Shape>
          <TextLine ID="line_15"
                    TAGREFS="LT8"
                    BASELINE="75 1171 244 1168" 
                    HPOS="71.0"
                    VPOS="1108.0"
                    WIDTH="171.0"
                    HEIGHT="72.0">
            <Shape><Polygon POINTS="73 1170 73 1180 240 1175 242 1167 239 1122 162 1111 161 1111 159 1111 158 1111 153 1114 139 1124 117 1111 111 1108 109 1108 71 1108 73 1170"/></Shape>
	    <String CONTENT="Prodeü̃te"
                    HPOS="71.0"
                    VPOS="1108.0"
                    WIDTH="171.0"
                    HEIGHT="72.0"
                    WC="0.9989189088344574"></String>
          </TextLine>
          <TextLine ID="line_16"
                    TAGREFS="LT8"
                    BASELINE="78 1220 244 1217" 
                    HPOS="75.0"
                    VPOS="1170.0"
                    WIDTH="167.0"
                    HEIGHT="63.0">
            <Shape><Polygon POINTS="76 1219 76 1233 242 1225 242 1216 239 1177 175 1170 173 1170 172 1170 170 1170 156 1181 154 1181 151 1181 114 1174 112 1174 111 1174 75 1185 76 1219"/></Shape>
	    <String CONTENT="ueritate in"
                    HPOS="75.0"
                    VPOS="1170.0"
                    WIDTH="167.0"
                    HEIGHT="63.0"
                    WC="0.9544009295376864"></String>
          </TextLine>
          <TextLine ID="line_17"
                    TAGREFS="LT8"
                    BASELINE="75 1271 244 1268" 
                    HPOS="71.0"
                    VPOS="1222.0"
                    WIDTH="171.0"
                    HEIGHT="70.0">
            <Shape><Polygon POINTS="73 1270 75 1292 103 1283 132 1289 156 1292 158 1292 240 1280 242 1267 237 1227 159 1230 151 1225 150 1222 148 1222 147 1222 145 1222 143 1222 136 1224 107 1231 71 1224 73 1270"/></Shape>
	    <String CONTENT="furgunt et"
                    HPOS="71.0"
                    VPOS="1222.0"
                    WIDTH="171.0"
                    HEIGHT="70.0"
                    WC="0.9986343085765839"></String>
          </TextLine>
          <TextLine ID="line_18"
                    TAGREFS="LT8"
                    BASELINE="78 1323 234 1319" 
                    HPOS="75.0"
                    VPOS="1288.0"
                    WIDTH="158.0"
                    HEIGHT="62.0">
            <Shape><Polygon POINTS="76 1322 76 1338 98 1350 100 1350 101 1350 103 1350 104 1350 122 1339 128 1336 231 1346 233 1317 228 1288 75 1291 76 1322"/></Shape>
	    <String CONTENT="errores."
                    HPOS="75.0"
                    VPOS="1288.0"
                    WIDTH="158.0"
                    HEIGHT="62.0"
                    WC="0.986981950700283"></String>
          </TextLine>
        </TextBlock>
      </PrintSpace>
    </Page>
  </Layout>
</alto>
