1128 1876
67 118 676 74 M. BVCERI COMMENTARIVS

20 194 835 54 Habalcuk cecinit· Nam promiſſionem de liberatione po¬

21 236 837 54 puli illic Vates præmiſit, teſtatus perturbato & adflicto

20 282 838 66 animo fore, qui ei fidem habere non ſuſtinerent. Contrà

22 335 834 62 autem iuſtum, fide ſua uicturum, id eſt, bene habiturum·

25 385 835 62 Perſuaſi enim à ſpiritu ſancto electi, liberationem à ma¬

25 436 836 61 lis omnibus per Chriſtum certo futuram, ut hinc bene de

27 485 836 56 uoluntate Dei fidunt, ita & ſpe uiuunt, omnia boni conſu

28 535 834 62 lentes, utcunque ex præſenti calamitatc uideantur morti

32 582 137 61 addicti·

68 642 794 55 Proinde quam Apoſtolus τϰμπιςίμ, et uulgo fidem

28 683 834 64 latine dicunt, ſi germanam uocis huius, ut ea Paulus uſus

31 739 831 61 est, ſignificantiam recipimus, perſuaſionem Euangelij

32 781 830 66 per ſpiritum ſanctum electis & uocatis factam, per eam

28 837 830 61 intelligemus. Ea nonnunquam quidem pro fidutia in bo¬

28 883 830 65 nitatem DE I accipitur, ſed per Metalepſim· Ex per¬

33 933 833 65 ſuaſione enim de promißis Domini, fidutia in bonitatem

34 989 227 58 eius gignitur.

797 125 61 61 20

879 221 137 72 Iuſtus ex fi

876 275 120 68 de uiuit·

71 1041 794 58 Quod ſi noui illi hoſtes fidei, uirtutis, quæ omnis picta

32 1083 834 66 tis & ſalutis unicum fundamentum eſt, quidam Anaba¬

31 1134 835 60 ptistarum cognouißent, non ita contra nos fremerent, qđ

34 1186 835 61 fidei in iustificationc primas tribuimus, & agnoſcerent

36 1237 835 61 friuolum eſſe, quod contra nos afferunt· Neminem

33 1288 839 61 ei poſſe fidere, quem non antea amauerit· Eõque amori

35 1339 840 57 DEI non fidei, primas tribuendas· Et enim ut nemo

35 1386 843 61 fidutiam ſuam in illo fixam habebit, quem non dilexe¬

35 1439 845 67 rit, ita neminem quiſquam diliget de cuius uirtute

874 642 114 64 Quid fi

872 676 62 63 des·

880 1014 140 83 Cauillum

880 1083 152 69 Anabapti

882 1139 119 75 starum·

481 1486 144 86 c 4

693 1488 196 66 & bonitate
