1128 1876
467.0 91.0 422.0 65.0 MARTINI BVCERI

272.0 168.0 588.0 57.0 DE V Sſuis, pro fide ipſorum facit.

321.0 224.0 773.0 55.0 Proinde cum tam multis errorum nubibus Chriſti 4

269.0 256.0 819.0 66.0 uerfarius, contra restitutam nobis illius lucem Euange

267.0 307.0 829.0 71.0 licam, perſtrenue adhuc pugnet, nouosq́; cottidie excitet,

267.0 357.0 828.0 74.0 abuſus & ſanctorũ ignorantia & infirmitate, ſit deni

268.0 411.0 832.0 69.0 eius in omnibus idem conatus, nimirum, ut opera manuũ

270.0 460.0 830.0 68.0 ſuarum homines adorent, & non ut deploratos pecca¬

267.0 509.0 835.0 70.0 tores, diuinæ bencuolentiæ, ſanguini́ CHRISTI cu¬

268.0 557.0 832.0 71.0 randos plena fide ſeſe contradant, debent profecto, qui¬

270.0 608.0 830.0 68.0 bus Christi gloria, electorumq́; ſalus chara exiſtit, nihil

268.0 658.0 832.0 68.0 uicißimomittere, quoregniC HRI ST I Euan¬

273.0 707.0 825.0 69.0 gelion, & bonitatis D E I prædicatio, quam in primis

268.0 756.0 830.0 71.0 uniucrſa ſcripturaubiq in culcat, orbis magis ac magis

270.0 807.0 829.0 70.0 agnoſcat· Vere enim ſordebunt nobis noſtra, ubi diuinæ

270.0 855.0 830.0 72.0 bonitatis guſtum recte percæperimus, neq; ceſſabimus

270.0 907.0 829.0 65.0 tum à bonis operibus, ſed gnauiter demum illis incum¬

270.0 958.0 826.0 75.0 bemus, toti ſcilicet eò rapti, ut gratificaripatri nostro

271.0 1005.0 182.0 64.0 ſtudeamus.

328.0 1057.0 770.0 67.0 Cum ucro Paulus in prædicanda D E I prædeſtina¬

268.0 1108.0 833.0 69.0 tione, electione, amplißimaq́; in nos bonitate & efficacia

271.0 1159.0 827.0 65.0 ſanguinis CHRISTI, hoc est, in annunciando ſyncero

275.0 1200.0 818.0 78.0 Euãgelio, docẽda́ doctrina certæ ſalutis, ita excelluerit,

275.0 1252.0 821.0 78.0 ut non paruo interuallo, alios ſacros ſcriptores poſt ſe

275.0 1305.0 821.0 75.0 reliquerit, præſertim ſi lucem, & copiã ſpectes, optan¬

275.0 1350.0 821.0 74.0 dum eſt, ut illius Epiſtolæ quàm familiarißimæ Chri¬

275.0 1399.0 818.0 75.0 ſtianis omnibus reddantur. Qui ſanè eas recte teneret,

275.0 1452.0 821.0 87.0 cum ſibi tum alijs, quoſlibet facile errores auerteret.

96.0 1216.0 163.0 95.0 Paulus cla

96.0 1306.0 163.0 52.0 rius et co¬

96.0 1349.0 163.0 64.0 pioſius Eu

95.0 1397.0 164.0 67.0 ãgeliõ præ

98.0 1457.0 161.0 76.0 dicauit.

949.0 1518.0 146.0 65.0 Equidem
