1177 1883
92 138 678 73 IN EPI. PAV. AD TIM. PRI.

794 111 50 107 83

310 222 308 51 CAPVT II.

91 349 78 54 O

188 251 662 89 Ratio eſt cordis deſyderium pro re à deo im¬

193 315 659 78 petranda. Hoc deſyderium ſi uerum eſt, nun¬

64.0 370.0 790.0 74.0 quam ceſſat, donec à deo quod deſyderat, accipit: hoc

64.0 422.0 789.0 68.0 eſt quod Chriſtus dicit, Oportet ſemper orare, & nõ

64.0 470.0 792.0 71.0 deficere. Qui non deſyderat, nihil orat, ut maxime

66.0 522.0 792.0 71.0 multiloquio aëra cõpleat: qui uero deſyderat, etiam

63.0 564.0 796.0 78.0 à uerbis quando nõ abſtinebit. Hinc fit, ut generali

64.0 618.0 795.0 74.0 uocabulo orationem uocemus quamcun cũ deo col¬

64.0 665.0 793.0 77.0 locutionem, etiam cum laudamus in pſalmis & canti

64.0 712.0 792.0 84.0 cis ſpiritualibus: id eſt, quæ fiunt incordibus. Nam ut

66.0 765.0 789.0 82.0 nunquam ceſſamus deſyderare miſericordiam & no¬

66.0 813.0 790.0 81.0 bis & proximis: ita quo ſemper, ne noſtra uidea¬

68.0 858.0 786.0 85.0 mur quærere, deſyderamus ſanctificari nomen patris

69.0 910.0 785.0 78.0 noſtri. In omnibus ad deum fiat uoluntas tua &c. In¬

66.0 957.0 786.0 84.0 ſtruit ergo hic Paulus epiſcopum, quod moneat ſuos

69.0 1006.0 783.0 78.0 auditores, nempe hoc, ut in primis orent. Quomodo

68.0 1055.0 787.0 82.0 enim intelligent Euangelium, aut dilectionem conſe¬

70.0 1106.0 784.0 84.0 quentur in deum & in proximum, niſi poſtulauerint

72.0 1160.0 781.0 75.0 à deo ſpiritum bonum? Vt hac admonitione primum

69.0 1207.0 786.0 78.0 omnium diſcant omnia ex deo pendere, cum audiunt

70.0 1256.0 784.0 75.0 omnia à deo poſtulanda. Orent autem pro omnibus

69.0 1304.0 786.0 84.0 hominibus, etiam inimicis: id quod uera poſtulat cha¬

68.0 1358.0 787.0 78.0 ritas. Nec excludant ab oratione reges & principes,

66.0 1408.0 789.0 77.0 licet impios. Primum, ut quam pacẽ eis poſtulamus

63.0 1458.0 785.0 91.0 ueniat quo ad nos, & ſub eis uiuamus in pace, quan¬

869 252 166 94 Oratio ꝗd.

682 1503 66 74 l 3
