2229 3605
382 236 16 92 2

1302 276 150 84 COM.

547.0 324.0 1607.0 88.0 recordatus fueris quia frater tuus habet aliquid aduerſum tetrelinque munus tuũ ante

547.0 394.0 1601.0 70.0 altare| & vade prius reconciliari fratri tuo. & tunc veniens: offeres munus tuũ. Quo mo¬

549.0 446.0 1597.0 56.0 do enĩ audes te præſentare dño pacis: non habẽs ſignum pacis in mente tua ſed oppo¬

547.0 488.0 1599.0 64.0 ſitum ſignũ quod eſt diſcordiæ? Ergo nullo irato cõcitato animoſ ne qui diſſentio¬

547.0 534.0 1599.0 62.0 nem cum altero habet oratione maxime publica orare audeat. priuata autem vt deus

547.0 578.0 1599.0 62.0 adiuuet ira ſedetur & diſſentio ceſſet pacẽ ſuam reſtituat: orare nichil prohibet. is

553.0 618.0 1599.0 64.0 enim facit: quod æger ad medicũ ſuum languorẽ detegẽs & opem implorãs. & hęc:nõ

553.0 670.0 1597.0 57.0 publica oratio eſt quæ interceſſio dicitur quam ſine ira & cõtentione deo offerre opor¬

559 702 1588 64 tet. ſed priuata: & quædã (ſi ſic dicere mauis) confeſſio ſui accuſatio. Docet & mulie¬

529.0 749.0 1619.0 58.0 ˒ res dicens. ¶ Identidẽ & mulieres in amictu mũdolcum verecundia & modeſtia ornã¬

529.0 797.0 1617.0 64.0 ˒ tes ſeipſas (non i tortis crinibus aut aurotaut margaritis aut veſte ſumptuoſa: ſed quæ

529.0 841.0 1617.0 56.0 ˒ decet mulieres profitentes diuinam pietatem per bona opera. Mulier in ſilentio diſcat:

529.0 887.0 1613.0 54.0 ˒ cũ omni ſubiectione. Mulieri autem docere nõ cõcedo:ne viri authoritatem habere |

529.0 935.0 1617.0 54.0 ˒ ſed eſſe in ſilentio. Nam Adam primꝰ plaſmatus eſt: deinde Eua. Et Adam nõ ſeductus

529.0 975.0 1619.0 60.0 ˒ eſt: ſed mulier ſeducta | ĩ pręuaricatione fuit. Saluabitur autẽ per filiorum generationẽs

531.0 1019.0 1615.0 58.0 ˒ ſi manſerint in fide & dilectione! & ſanctitate cũ modeſtia. ¶ Hæc ſancti apoſtoli do¬

547.0 1067.0 1595.0 60.0 ctrina pro mulieribus. Mulierũ habitus mundus ſit:nõ ſumptuoſus. ornamentũ mulie¬

549.0 1113.0 1593.0 56.0 rum ſit verecundia |  & modeſtiat ſiue caſtitas. talis enim mulieres ſpirituales decet or¬

549.0 1153.0 1595.0 56.0 natus: adiũctis bonis operibus| per quæ diuinã pietatẽ profiteri videãtur. Cũctis mulie¬

547.0 1197.0 1595.0 60.0 ribꝰ ex ĩobediẽtia primæ mulieris ĩgenita eſſe debet verecũdia quę eas retrahat a per¬

543.0 1239.0 1599.0 66.0 petratione malorũ vetitorũ. ad quę ex imitatione primæ parentis ſecũdũ carnem pro¬

547.0 1289.0 1597.0 58.0 næ feruntur. Et ex virgine | culpæ parentis Euæ reparatrice: debet õnibus mulieribus

547.0 1335.0 1597.0 54.0 virginitatis amor & appetitus ineſſe. quam ſi cũ fœcunditate habere non poſſunt:ſtu¬

545.0 1375.0 1597.0 56.0 dere tamen debent habere fœcundã caſtitatem quæ virginitatis proxime æmula eſt¬

547.0 1417.0 1597.0 63.0 Ergo ex prima natiuitate verecundiã: ex ſecunda virginitatẽ aut ſaltem caſtitatem ha¬

545.0 1462.0 1595.0 60.0 bere debent. hanc: theoſebias id eſt erga deum pietatis | & purus ac ſyncærus dei cultus

549.0 1508.0 1589.0 56.0 ſequitur. illã vero: cautio fuga malorũ. Mulier nõ putet ornamentũ in crinibꝰ tortis

545.0 1552.0 1595.0 56.0 aut auroſaut margaritis aut veſte ſumptuoſa:qualis luxus noſtra tẽpeſtate multas oc¬

549.0 1594.0 1591.0 58.0 cupat cum alibil tũ in vrbibus inſubrię ſi forte cõtingit illuc iter facere. quæ manifeſte

547.0 1640.0 1593.0 56.0 filiæ Belial potius iudicari poſſũt: ꝗ̃ filiæ Chriſtil niſi quis oculos præſtigiatos. & faſci¬

547.0 1682.0 1589.0 58.0 natos habeat. Mulier ſi ad virũ cõferatur qui caput eſt: hęc vt appetitus eſtrille vero vt

547.0 1726.0 1591.0 60.0 ratio. at appetitui nõ cõceditur vt doceat: ſed rationi. ita ne mulieri: ſed viror&t maxi¬

547.0 1770.0 1587.0 60.0 me in publico. appetitus: a ratiõe formatur & diſcit. ita & mulier: a viro diſcere debet.

547.0 1812.0 1589.0 62.0 mulier dico: quæ vxor ſit. ꝗ̃ꝗ̃ & omnes in publico orationis loco:a viro qui cõmunem

547.0 1858.0 1589.0 60.0 omniũ habet ĩformationis vicẽ audire poſſũt ĩ ſilẽtio. nõ ꝙ temerarie veniãt etiã vir¬

549.0 1902.0 1587.0 62.0 gunculæ ad os publici præceptoris: aliqua queſituræ. interrogẽt enĩ aut patres aut ma¬

547.0 1946.0 1591.0 62.0 tres aut ſapiẽtiores matronas: quæ melius ꝗ̃ ipſę potuerũt publicã vocẽ intelligere. Mu¬

543.0 1984.0 1593.0 68.0 lier: nunꝗ̃ auſit authoritatẽ ſupra virum caperet id eſt dominari proprio viro. Nã hoc

545.0 2034.0 1589.0 64.0 diuinę ordinationi reluctatur | at volũtati eius qui eã poſuit ſub viri poteſtate & virũ

543.0 2080.0 1591.0 60.0 fecit dominũ, ſub viri (inquit) poteſtate eris: & ipſe dominabitur tui. O generis inſotẽ¬

543.0 2124.0 1589.0 63.0 tia & opulentia dotis: quot mulieres fecit ſtultas quæ authoritatẽ virorũ ſibi vendicãti

541.0 2163.0 1595.0 68.0 ſeipſasi ſexũ ſuũ | & dei volũtatẽ ignorãtes | ſuperbæ | ſtultę | inſanæ | quãtuncũ ſubli¬

543.0 2209.0 1595.0 66.0 mes ſe exiſtimẽt nõ hominibꝰ ſed deo rebelles? qui enĩ diuinę ordinationi reſiſtit: deo

543.0 2255.0 1593.0 70.0 reſiſtit. eſt deo rebellis: ſimilis ãgelo tenebrarũ qui hac de cauſa e cœlis ruit ĩ abyſſũ.

543.0 2293.0 1593.0 72.0 Et mulierem viro deferre debere: vel ex ipſa creatione conſtat. Nã vir primo creatꝰ eſt¬

543.0 2343.0 1593.0 66.0 tanꝗ̃ primogenituræ ſibi vendicãs honorẽ. mulier vero ſecũdo loco. Et mulier ſeducta

543.0 2385.0 1589.0 70.0 fuit: non vir. perſuaſa enĩ fuit a ſerpẽte: nõ vir. abſente viro: deſerpſit fructũ vetitũ, mã¬

543.0 2431.0 1591.0 66.0 dit: & viro eius rei ignaro porrexit mãdendũ. mãdit porrectũ: vnde generi noſtro miſe¬

541.0 2475.0 1589.0 66.0 ra irrepſit mortis cõtagio. Attamẽ cũ magis obnoxia culpę q̃ vir teneret: voluit nichilo¬

541.0 2519.0 1591.0 72.0 minꝰ deus tã viro q̃ mulieri lalutẽ eſſe cõmunẽ. mulieri quidẽ ob liberorũ procreationẽ

541.0 2563.0 1591.0 68.0 (ad id eni neceſſaria viro eſt) & id maxime dũ vir & mulier ĩ fide mãſerint & dilectio¬

541.0 2607.0 1589.0 68.0 ne &ſanctitate cũ modeſtia at caſtitate. caſtũ enĩ tandiu thorũ habẽt: ꝗ̃diu carnẽ ſuã

541.0 2651.0 1583.0 70.0 per fornicationẽ ne hicine illa diuidũt. Alioqui ſi fides nõ aſſit| nõ dilectiot nõ ſan¬

541.0 2693.0 1581.0 74.0 ctimonial vitæ puritas & thori caſtitas: procreatio filiorũ mulierẽ nõ ſaluabit. Nam

541.0 2737.0 1581.0 72.0 precioſa ad ſaluandum pignora fides dilectio | ſanctitas caſtitas: magis ꝗ̃ carnalis pro¬

541.0 2781.0 1583.0 74.0 les. Id tribuente domino noſtro omniũ ſaluatore: qui erat | & eſt & erit benedictus ſine

539.0 2825.0 814.0 63.0 fine| & in omnia ſæculorum ſæcula. AMEN.

511 2884 1618 69 ˒ ¶ EXAMINATIO nonnullorũ circa literam. ⁋ Vulgata æditio. In omni ſanctitate &

523 2911 1588 120 ˒ caſtitate. ⁋ Vocabulũ qđ hic vetus interpres caſtitatẽ dicit:& caſtimoniã & grauitate

508 678 39 82 11

427 2820 42 115 A

428 2918 37 68 8
