2223 3623
1695 239 177 127 1 Timo.

803 269 80 99 x

1516.0 301.0 92.0 65.0 203

70.0 340.0 1591.0 88.0 eſſe cũ ei. eſt enĩ is cui Paulus gratias agit:& qui eũ inualeſcere fecit qui & ei vires for

74.0 412.0 1585.0 63.0 titudinẽ ſuggeſſit. Paulus. καί χάριν ἔχω τῶ ἐνδυμώσαντί με χριστῶ ἰησοῦ

56.0 460.0 1599.0 55.0 ˒ κυρίω ἡμῶν. ¶LVulgata æditio. Sed miſericordiã dei cõſecutus ſum. ¶ Dei: abũdati

58.0 501.0 1605.0 62.0 ˒ etſi nichil intelligentiæ officit. Paulus. ἀλλὰ ἠλεήθην. ¶ Vulgata æditio. Venit ĩ

58.0 545.0 1603.0 60.0 ˒ hunc mundũ. ¶Satis eſt dicere:ĩ mundũ. Paulus. ἦλθεν εἰς τὸν κόσμον. ¶ Vulga¬

56.0 589.0 1609.0 71.0 ˒ ta æditio. Oſtenderet CHRISTVS IHESVS. ¶Mutatus vocabulorũ ordo. dicit enĩ

68.0 636.0 1601.0 66.0 ˒ Iheſus Chriſtus. Paulus. ἐνδείξηται ἰησοῦς χριστός . ¶ Vulgata æditio. Regi autẽ

60.0 678.0 1609.0 68.0 ˒ ſæculorũt imortalit inuiſibilit ſoli deo. ¶ Dicendũ: ſoli ſapienti deo. Deeſt eni ſapienti.

86.0 746.0 1583.0 38.0 Paulus.  τῶ δὲ βασιλεῖ τῶν αἰώνων, ἀφθάρτω, ἀοράτω, μόνῶ θεῶ.

86.0 764.0 1585.0 63.0 Vt ſolus ſapiens: quia ſolus nichil permixtum ignorãtiæ habẽs. ſic ſolus rex ſæculorũ:

84.0 811.0 1583.0 60.0 quia ſolus omniũ dñatur. ſolus ĩmortalis: quia ſolus abſolute interire nõ poteſt cætera

84.0 857.0 1587.0 58.0 autẽ poſſunt. ſolus inuiſibilis: quia cætera cõpræhẽdi poſſũt (cõpræhendi enĩ eſt quodã

82.0 897.0 1589.0 69.0 modo videri) ipſe vero ſolus cõpræhẽdi nõ poteſt. Et vt ſacer ait Cyprianus. Videri nõ

84.0 946.0 1589.0 58.0 poteſt: viſu clarior eſt. nec cõpræhendi: tactu purior eſt. nec æſtimari: ſenſu maior eſt. Et

82.0 988.0 1591.0 64.0 ideo ſic eũ digne æſtimamus: dum inęſtimabilẽ ducimus. Ergo cũ Iacob cũ Moſes dicũ¬

84.0 1034.0 1589.0 58.0 tur deum vidiſſe: id non deſignat deũ appræhendiſſe ſed aliquod veſtigiũ & certũ dei

86.0 1078.0 1587.0 71.0 indicium attigiſſe. non eam ipſam incompræ henſibilem quæ incõpræhenſibilis omnia

84.0 1121.0 844.0 58.0 appræhendit dei naturam at ſubſtantiam.

1417 1129 254 58 CAP. II.

99 1388 236 133 N

378.0 1159.0 1295.0 68.0 Vnc quo modo eccleſiæ ad publicã pietatẽ ſint inſtituẽdę: informat Ti¬

372.0 1211.0 1297.0 65.0 motheũ apoſtolus ac ait. ¶ Obſecro igitur primũ omniũ: vt fiãt preces|

376.0 1255.0 1293.0 65.0 orationes |ſupplicatiões| gr̃arũ actiones pro oĩbus hoibꝰ pro regibꝰ| &

372.0 1290.0 1301.0 80.0 õnibus qui ĩ excellentia ſunti vt trãquillã & tacitã vitã degamus in õni

374.0 1342.0 1297.0 64.0 pietate & honeſtate. Nã hoc bonũ & acceptabile ĩ cõſpectu ſaluatoris

372.0 1388.0 1299.0 63.0 noſtri dei: qui oẽs homines vult ſaluos fieril & ad agnitionẽ venire ve¬

370.0 1433.0 1301.0 60.0 ritatis. ¶Ante õnia vult publicã pietatẽ præcedere: & id deo gratũ eſſe

368.0 1477.0 1303.0 60.0 & acceptabile| qui vult õnes homines ſaluos fieri| & ad agnitionẽ veni¬

82.0 1509.0 1583.0 75.0 re veritatis. & ſi venirẽt: õnes hoies in magna pace & trãquillitate vitã degere poſſẽt.

82.0 1551.0 1585.0 75.0 ſi venirẽt inquã: effectu ipſo ad cognitionẽ veritatis. Nã ſunt qui verbo fatẽtur| & facto

86.0 1596.0 1583.0 82.0 veritatẽ negãr: & illi nondũ ad perfectã cognitionẽ ſufficientẽ venerunt ad trãquillã

86.0 1650.0 1579.0 62.0 & tacitã degendã vitã ine in omni pietate & honeſtate viuũt. Sũt alij qui ne verbo

86.0 1686.0 1581.0 77.0 ne facto veritatẽ cognoſcũt: veritatẽ dico quæ neceſſaria eſt ad ſalutẽ. & hæc non eſt

84.0 1737.0 1583.0 60.0 dei volũtas: ſed proprię volũtatis eorũ a veritatis luce incuruatio. Nã qui vnũ non co¬

86.0 1781.0 1581.0 60.0 gnoſcũt deũ & vnũ Chriſtum dñm noſtrũ pro õni ſalute mortẽ oppetijſſe nõ fatẽtur &

86.0 1825.0 1579.0 60.0 mediatorẽ inter deũ & homĩes vt qui mediũ ſit per qđ õnes homines quotquot ſalua¬

86.0 1863.0 1579.0 67.0 bũtur ſaluari oportet: ij nondũ ad agnitionẽ venerũt veritatis etſi omnẽ ſciẽtiã & phi¬

86.0 1914.0 1583.0 66.0 loſophorũ & magorũ & gymnoſophiſtarũ haberẽt exploratam. Hęc eni omnia ſcire: ſi

86.0 1948.0 1581.0 70.0 ad illud cõferas nichil eſt ſcire. hæc õnia ſciẽs: ad ĩmenſas ignorantiæ deuoluitur tene¬

86.0 1996.0 1581.0 71.0 bras efficitur tandẽ perpetuus ignorãs. illud vero ſciẽs: ad imenſũ ſapiẽtiæ lumẽ ex¬

90.0 2049.0 1577.0 56.0 tollitur efficitur õnia ſciẽs! & ſciens quidẽ cũ vitæ & ſapientiæ theſauris, cuius diui¬

86.0 2091.0 1585.0 58.0 tiarũ nullus eſt finis. illi vero: cũ ignorãtia | cumulus erit indeficiẽs õnis in morte pau¬

96 2128 1574 69 pertatis. Hanc ita diuitẽ ſapientiã omni mũdi ſapiẽtia maiorẽ: his paucis verbis ex¬

66.0 2179.0 1607.0 61.0 plicat Paulus dicẽs. ¶ Vnus eni eſt deus. vnꝰ & mediator dei & hominũ homo CHRI¬

66.0 2222.0 1609.0 62.0 STVS IHESVS: qui dedit ſemetipſũ redẽptionẽ pro õnibꝰ. ad qd̃ teſtimoniũ proprijs

72.0 2270.0 1603.0 56.0 ˒ tẽporibus poſitus ſũ ego præco & apoſtolus (veritatẽ dico in CHRISTO haud men¬

76.0 2312.0 1597.0 63.0 ˒ tior) doctor gẽtiũ in fide & veritate. ¶ Ad teſtimoniũ illiꝰ ditiſſimæ ſapiẽtiæ q̃ vitã & ſa¬

92.0 2348.0 1583.0 69.0 lutem præbet aĩabus in mãſionibus lucis æternę | in plenitudine tẽporũ a deo definita:

92.0 2401.0 1581.0 60.0 poſitus eſt Paulus prædicator & legatus nõ a ſeipſo (nã nullus apoſtolus! nullus lega¬

92.0 2445.0 1585.0 62.0 tus: a ſeipſo) ſed ab eo cuius eſt legatus. ita a deo & Chriſto: a quo & doctor gentiũ fa¬

92.0 2489.0 1583.0 59.0 ctus eſti nõ ad vllã diſciplinã mũdil quæ nichil facit ad ſalutẽt ſed ad doctrinã cœleſtẽ |

94.0 2532.0 1579.0 66.0 ad doctrinã ſpũs quæ ſola ſaluat & quã angeli magnifaciũt | & docerẽt ſi quã docerẽt.

96.0 2570.0 1579.0 72.0 doctor (inquit) gentiũ in fide & veritate. Quid hoc ĩ fide & veritate: niſi ĩ fide vera | in

96.0 2620.0 1581.0 63.0 fide veritatis ĩ fide filij dei | qui eſt via veritas & vita? Nõ igitur ſe effert! non gloriatur

94.0 2662.0 1581.0 67.0 cum dicit veritatem dico haud mẽtior: poſitus ſum doctor gentium in fide & veritate |

92.0 2703.0 1587.0 68.0 ſed teſtimonium reddit veritati ei gloriam dans qui fecit eũ pręconem ſuũ | apoſtolũ |

90.0 2745.0 1593.0 72.0 & doctorẽ gentiũ. Cũ ita ſit cõſtitutus a deo doctor gentiũ & doctoris officiũ ſit doce¬

99 2786 1583 73 re : ꝗd nũc eũ viros? tũ mulieres doceat audiamus. Docet ita primũ viros hocpacto |

68.0 2833.0 1607.0 69.0 ˒ dicẽs. ⁋ Volo igitur vt viri in õni loco orẽt: leuãtes ſãctas manus ſine ira & cõtẽtione.

100.0 2880.0 1585.0 62.0 ⁋Quid eſt in õni loco: niſi in õni eccleſia vbicũ locorũ in terra cognoſcitur Chriſtꝰ?

94.0 2922.0 1597.0 109.0 Sine ira & cõtentionc. Nam & dominus mandat: ſi offers munus tuum ad altare & ibi

1437.0 2976.0 151.0 121.0 C.iij.

12 474 30 51 C

6 513 27 69 5

18 606 21 55 D

15 691 21 9 5

24 730 21 18 D

30 748 12 52 6

60 2116 30 87 9

45 2771 45 91 10
