2221 3612
1717 276 163 103 1 Timo.

825 316 64 90 x

1512 334 103 69 204

76 359 1594 102 & honeſtatem pro loco interpretari ſolent. Paulus.ἐν πᾶσι ἔυσεβεία, καὶ σεμνό¬

66 439 1600 66 ˒ τητι.  ¶ Vulgata æditio. Cuius teſtimonium temporibus ſuis confirmatum eſt: in quo

64 487 1604 64 ˒ poſitus ſum ego. ⁋ Potius dicendũ eſt: ad quod teſtimoniũ. Et abundat confirmatum

84 535 1584 60 eſt. Paulus. το μαρτύριον καίροις ἰδίοις ἐις ὃ ἐτέθην ἐγω. illud enim ἐις ὃ

68 579 1602 61 ˒ reuocaui ad orationis caput. ¶ Vulgata æditio. Veritatem dico | non mentior. ¶Codi¬

88 622 1582 62 ces Græci habent: veritatem dico in Chriſto. Paulus. αλήθειαν λέγω ἐν χριστῶ ,

62 660 1610 70 ὀυ ψέυδομαι. ¶Vulgata æditio. Leuantes puras manus ſine ira & diſceptatione,

100 706 1574 70 ⁋ Sunt qui volunt hic poſitum vocabulum dubitationem & hæſitationem ſignificare.

94 748 1580 66 verum ſi a διαλέγομαι venit: non male diſceptationem | diſputationem diſſentionẽ

92 802 1586 52 & contentionem quandam ſignificat. Et cum iram & contẽtionem inuicem habemus:

98 844 1580 63 ꝙ tunc manus ad deum non ſint leuandæ præceptum eſt ſaluatoris. Si offers (inquit)

96 882 1582 69 munus tuũ ad altare & ibi recordatus fueris quia frater tuus habet aliquid aduerſum

96 935 1584 60 te | relinque ibi munus tuũ ante altare |& vade prius recõciliari fratri tuo: & veniẽs of¬

94 973 1588 64 feres munus tuum. Cum enim puros conſpectui diuino nos præſentamus: exaudit nos

94 1017 1586 68 pro clementia ſua qui audire exaudire | & ſuperexaudire vult | vt par eſt & oportet pa¬

94 1061 1582 64 ratos. Paulus. ἐπάιροντας ὁσίους χεῖρας, χωρὶς ὀργῆς καὶ διαλογισμοῦ.

116 1109 1564 64 ⁋ Vulgata æditio. Cum verecundia & ſobrietate ornantes ſe. ⁋ Quod hic vetus inter¬

94 1155 1586 57 pres dicit ſobrietate: vſitatius modeſtia dici poteſt. Vult etiam ſacer Hieronymus caſti¬

96 1191 1584 75 tatem dici ac modeſtiam. Paulus. μετὰ ἀιδοῦς καὶ σωφροσύνης κοσμεῖν ἐαυ¬

76 1244 1604 62 ˒ τάσ. ¶ Vulgata æditio. Sed quod decet mulieres promittentes pietatem per bona ope¬

76 1284 1606 64 ra. ¶ Dicendum eſſet quæ | fœminine:nõ quod | neutro genere. Nam hoc relatiuum re¬

94 1328 1584 56 fert veſte. quod ex græco cognoſcitur vbi maſculinum eſt referens ἱματισμῶ maſcu¬

94 1372 1588 70 linum. Et non generale pietatis nomen ponitur ſed ſpeciale: quod ſolum ad deum deſi

96 1422 1586 56 gnat pietatem. Paulꝰ. ἀλλ ὅς  πρέπει γυυαιξὶν ἐπαγγελομέναις θεοσεβειαν

84 1458 1596 65 ˒ Δἰ ἔργων ἀγαθῶν. ¶Vulgata æditio. Ne dominari in virum: ſed eſſe in ſilentio.

100 1509 1580 54 ¶Potius:ne viri ſiue ĩ virum authoritatem habere. Paulus. ὀυδὲ ἀυθεντεῖν αν¬

98 1555 1584 62 δρός, ἀλλ’ εἶναι ἐν ἠσυχία. Verum authoritatem viri ſiue in virum habere | & do¬

98 1593 1582 66 minari viro:idem poſſunt. At quot ſunt nunc matronæ ex genere tumentes aut ex di¬

98 1633 1582 66 uitijs opulentiore dote | quæ nunc in viros authoritatem habenti facientes dei ſentẽ¬

98 1677 1580 70 tiam irritam propter fortunæ ventum vento vaniorem fortunã. O cæca fortuna: quæ

96 1721 1580 64 non ſolũ cæca ſed quę vniuerſũ cæcauit ſæculum & cum qua veritas apoſtolica lucere

80 1773 1600 55 ˒ non poteſt. ¶Vulgata æditio. Si permanſerit in fide & dilectione | & ſanctificatione cũ

78 1810 1598 58 ˒ ſobrietate. ¶ Et hic quo dici poteſt cum modeſtia aut caſtitate: vt in prima huius ca¬

100 1854 1576 72 pitis examinatione dictum eſt. Et in principio particulæ dicendum eſt pluratiue: man¬

102 1908 1574 52 ſerint| ſiue permanſerint, reſpicit enim communiter vtrun Paulus | & virum | & mu¬

104 1946 1574 76 lierem. Paulus. ἐὰν μείρωσιν ἐν πίστει, καὶ ἀγάπη, καὶ ἀγιασμῶ, μετὰ ςω¬

104 1992 239 54 φροσυνης.

1415 1994 259 58 CAP. III.

138 2251 211 150 V

381 2014 1297 80 T doctor gentium docuit apoſtolus viros & mulieres qui funt parentes

375 2082 1305 61 carnales:nũc epiſcopos docet| qui parẽtes ſunt ſpirituales. & quales eſſe

377 2125 1305 60 debeant & quæ eorũ officia oſtẽdit, dicuntur eni epiſcopi a ſuperintẽden¬

379 2167 1301 54 di officio. ſuperintẽdendi dico ĩ omni ſpũalitate vitæ: quod ſanctũ opus

377 2209 1305 58 at officiũ eſt. Ac proinde dicit. ¶ Fidelis ſermo. Si quis epiſcopen deſy¬

375 2249 1311 70 derat: bonũ opus deſyderat. Oportet igitur epiſcopum: irrepræhenſibilẽ

379 2295 1305 66 eſſe | vnius vxoris virum | vigilẽ caſtum ornatum hoſpitalem docilem |

371 2347 1315 52 non vinoſum | non percuſſorẽ non turpis lucri ſectatorem: ſed mitẽ | im¬

80 2385 1606 57 ˒  bellem | nõ auarum proprię domui bene præſidentẽ: filios habentẽ in ſubiectione cum

78 2426 1610 64 ˒ omni honeſtate (ſi quis autem proprię domui præeſſe neſcit: quo modo eccleſiæ dei cu¬

82 2476 1608 58 ˒ ram adminiſtrabit?) non nouiciũ: ne ſuperbia elatus in iudiciũ incidat diaboli. Opor¬

80 2520 1608 60 ˒ tet autẽ ipſum etiam teſtimoniũ bonũ habere apud eos qui foris ſunt:ne ĩ vituperatio¬

76 2560 1610 72 ˒ nẽ incidat & laqueũ diaboli. ⁋ Epiſcope: viſitatio | intẽdẽtia | obſeruatio epiſcopi ĩ ſuos

110 2610 1578 60 dicitur. ſicut epiſcopus: explorator intendẽs obſeruator & cuſtoai vt paſtor gregis aut

110 2652 1578 59 vt in alta ſpecula vigilãs cuſtos ciuitatis. pulchrum ſane nomẽ:ſed rei nominis execu¬

108 2692 1578 69 tio pulchrior| quod officiũ epiſcopi eſt. qđ cũ tam pulchrũ & venerandũ ſit: epiſcopũ ꝗ̃

112 2741 1576 62 illi officio illi operí præficitur | irrepræhẽſibilem eſſe oportet, repræhẽſio: per oĩa vicia

110 2793 1580 52 currit ſuperbiam| iram | ĩuidiam | acediam | gulã luxuriãſ auaritiã. ſi aliquo horũ viciorũ

110 2829 1578 64 notatꝰ eſt aut aliqua ſpecierũ quæ ĩnumerabiles ſũt: nõ eſt irrepræhẽſibilis. Quare ne

112 2875 1576 54 omnino dignus: huic cõmitti officio. Bigamꝰ qui duas duxiſſet vxores:nõ eſt idoneus |

112 2915 1576 60 vt aſſumatur ĩ epiſcopũ. Nã carnẽ ſuã diuiſit: et vnitatẽ ĩ ſymbolo nõ cuſtodiuit | q̃ vni¬

114 2961 1576 109 tatẽ Chriſti & eccleſie rep̃ſentat. Ideo ĩ illa vnitate: ſancti fiatuerũt eũ non præficiendũ

1437 3016 154 102 C.iiij.

21 415 30 96 B

24 487 21 78 9

30 650 21 90 C

22 718 50 68 10

36 1095 24 60 C

34 1141 28 77 11

16 1436 48 77 D

26 1502 46 95 11

56 2159 44 76 12
