1000 1564
233 130 30 25 66

396 130 386 27 IN I. EPIST. D. PAVLI

232 139 695 37 quidam etiam malorum magnitudine perculſi, Euangelio malunt renunciare, quàm

232 167 697 28 diutius propter veritatem affllgi. Qua ex re cùm obſcuratur gloria Dei, meritò eſt

231 192 697 29 orandum pro magiſtratibus. Et credibile eſt etiam ethnicorum principum iras remiſ¬

231 212 695 26 ſas, imminuiſſe nonnihil ſuam truculentiam, vbi reſciſcerent Chriſtianos pro ipſo¬

231 230 695 30 rum ſalute oraſſe.lta nimirum tum oraruat Chriſtiani pro impüs principibus, & quie¬

231 253 695 31 tem ſibi à Deo impetrarunt, & beneuolentiam ſaltem principum conciliarunt ali¬

230 274 696 30 quam. Proinde non eo line optanda eſt placida & quieta vita, vt luxu & licentia

231 297 695 30 perdamur, & quaſi eiecto freno excurramus in quæuis vitia, ſed vt agamus cum

231 319 695 29 omni pietate & honeſtate, id eſt, ex noſtra libertate incrementum accipiat vera pietas

231 338 695 28 & promoueatur itidem uitæ honeſtas. Emphaſis in nota uniuerſali. Nomine pieta¬

232 360 694 31 tis intellige quicquid ad cultum Dei, ad ueram religionem pertinet, ſiue per dogma¬

231 385 695 27 ta, ſiue per externa opera:ut liberi cõuentus ad orandũ, libera prædicatio uerbi, libera

232 407 694 28 exercitatio operum Charitatis, quæ proprie pertinent ad propagationem E¬

230 424 695 30 uangelij & ad incrementum gloriæ Dei. Nomine honeſtatis comprehenduntur

230 449 695 24 quæ commeudant nos etiam ciuiliter apud homines, & per quæ homines æ¬

230 467 696 30 dificantur, inſtruuntur́ in bonis exemplis, & occaſionem habent bene & ſentiendi

231 492 693 26 & loquẽdi de nobis. Ad hunc ergo finem, ut uidelicet liberẽ perficiamus ea, quæ per¬

230 512 694 26 tinent ad gloriam Dei & ædificationem proximorum, optanda eſt placida ac quieta

230 532 693 31 uita. Quòd ſi hic finis deſit, certè metuendum, ne quies & orium potius cauſſa ſint

229 555 693 27 malorum, quàm bonorum. Certè uix unquam eccleſia fuit in meliori ſtatu, nun¬

229 576 691 27 quàm credentes fuerunt tàm puri, ſimplices, integri, incorrupti, quàm tùm, at cum

230 600 691 24 ryranni ſæuirent. Contrà ubi eccleſiæ cœperunt otiari, quieſcere, ditari, dominari: di¬

228 616 693 37 uitiæ & quies extinxerunt penitus fidem & charitatem:filia deuorauit matrem, inquit

229 656 110 14 Bernardus.

252 682 641 46 Nam hoc bonum eſt & acceptum coram ſeruatore noſtro Deo, qui cunctos ho¬

253 723 468 34 mines vult ſaluos fieri & ad agnitionem veritatis venire.

245 759 672 37 Aliud argumentum à Pio. Ait orare pro omnibus, inprimis́, pro magiſtratibus,

226 788 693 31 bonum eſſe & acceptum corã Deo. Ac videtur ſubeſſe occupatio. Nam vbi fortaſsia

226 808 691 32 quorundam ſragilitas aut cœcitas iudicaſſet abſurdum orare pro ijs, qui perſequun¬

226 831 693 30 tur pios, & impediunt gloriam Dei promoueri : reſpondet, imò id pium eſſe & Deo in

226 852 691 35 primis gratum. Quando igitur audimus id per ſe eſſe bonũ, & acceptum Deo, nequa¬

226 874 691 31 quam debemus hîc eſſe ceſſatores. Et verè id bonum ac pium dici poteſt, quia inde ſe¬

226 896 693 29 quuntur plerun multa bona, & ea inprimis per quæ ſyncera pietas promouetur. Cũ

225 914 692 30 addit, Qui cunctos homines vult ſaluos ſieri, & ad cognitionem veritatis venire, La¬

225 934 692 35 tet argumentum ab exemplo: quaſi dicat: Deus vult omnes homines ſaluos fieri,

226 957 691 34 quicunque illi ſint: igitur & tu debes idem velle:ac proinde pro omnibus, etiam im¬

224 983 695 29 pijs, orare. Eſt ergo hîc exemplum inſignis bonitatis diuinæ, quam conuenit & nos

225 1005 693 25 tùm affectu tum etiam diligentia omni imitari. Poſſumus etiam hîc diſcere, quid ma¬

224 1026 694 26 ximè debeamus impijs magiſtratibus comprecari, videlicet vt ad cognitionem verita¬

225 1049 687 26 tis perueniant. Veritas autem hic ſignificat Chriſtum, qui eſt via, vita, veritas.

224 1066 692 32 Sed hîc quæſtio oritur. Si Deus velit omnes homines ſaluos fieri, quî fit,

224 1089 693 30 quòd non omnes ſaluantur ? Reſpondet paucis verbis Ambroſius. In omni

224 1110 693 31 locutione ſenſus eſt, conditio latet: Vnde ſecundæ Petri primo dicitur, omnis

224 1129 693 36 ſcriptura indiget interpretatione. Vult Deus omnes ſaluos fieri, ſed ſi acce¬

224 1149 692 30 dant ad eum. Non enim ſic vult, vt nolentes ſaluentur, ſed vult illos ſaluari,

224 1176 693 26 ſi & ipſi velint. Nam vtique qui legem omnibus dedit, nullum excipit à ſa¬

223 1195 695 32 lute. Numquid item medicus idcirco proponit in pubhco, vt omnes oſtendat

222 1216 692 29 ſe velle ſeruare: ſi tamen ab ægris requiratur ? Non eſt enim vera ſalus,

223 1239 695 44 ſi nolenti tribuatur, nec gaudere poteſt in percepta ſalute, qui inuitus, ſi

852 1261 63 47 tamen

146 735 52 69 A piò.

147 795 72 43 Occupatio.

147 913 72 54 Ab exẽplo¬

147 954 73 35 A maiori ad

145 975 51 32 minus.

146 1032 75 53 loan. 14

157 1071 64 31 Queſtio.

144 1083 77 39 Cur non om¬

143 1111 78 29 nes ſaluẽtur.

144 1129 77 32 Reſpõſio ex

143 1149 78 42 Ambroſio.

142 1179 62 71 a ſimili.
