1000 1564
250 105 22 38 64

417 122 378 26 IN I. EPIST. D. PAVLI

242 128 699 43 nihil adiumenti rudibus, & per hanc doctrinam opera quædam Charitatis promo¬

244 157 697 38 uentur, & ſeruatur in conuentibus publicis bonus ordo, ideo non eſt temerè contem¬

243 179 698 37 nenda. Ceremoniæ & huiuſmodi ordinationes habendæ ſunt in vita, ſicut fabro ha¬

243 198 697 36 bentur præparamenta ad ædificandum, quę nõ in hoc parantur, vt aliquid ſint, aut ali¬

244 223 694 35 quid maneant, ſed quòd ſine ijs ædificari non poſsit. Nam perfecto ædificio tolluntur,

245 242 695 37 & ſtultus eſſet, qui ſemper illa magnifaceret & ampliaret, neglecto interim principali

243 263 695 36 ædificio, id eſt, omiſſa doctrina fidei. Vnde eatenus adhibendæ ſunt ceremoniæ, qua¬

243 285 695 35 tenus ſunt vtiles, id eſt, quatenus ſignificant aliquid & figurant, & quatenus ſunt neceſ¬

243 303 695 39 ſariæ, id eſt, non poſſunt commode negligi. Aliâs enim periculum foret, ne doctri¬

243 323 695 41 na fidei per doctrinam vrαξιας obſcuraretur & læderetur: Sicut pueris opus eſt & vti¬

244 348 694 37 le, vt foueantur mulierum & puellarum gremijs. quod tamen periculoſum foret pau¬

246 366 692 44 lõ prouectioribus: Ita iudicandum de ceremonijs. Et ſicut paupertas ſpiritualis pericli¬

243 402 693 29 tatur in diuitijs, fidelitas in negocijs, humilitas in honoribus, abſtinentia in conuiuijs,

242 415 695 42 caſtitas in delitijs: lta doctrina fidei periclitatur interdum in doctrina εὐταξίας. Hæc

242 437 258 29 de doctrina εὐταξίας in genere.

262 454 676 43 Cæterùm non hîc præſcribit Apoſtolus omnia, quæ ad bonam ordinationem per¬

242 477 695 38 tinent, quæ in cœtu eccleſiaſtico agi conueniat: ſed vnam tantumodo rem vr¬

245 495 691 47 get, vel anté non ſatis commendatam, vel parum diligenter obſeruatam. Ea

245 523 682 38 eſt de orando pro omnibus hominibus, potiſsimumque pro magiſtratibus.

246 543 689 36 Quæ quidem ἐυταξία ſiue bona conſtitutio adeò eſt neceſſaria in eccleſia, vt nul¬

245 563 688 37 la magis: Et doctrinæ fidei ſic adiuncta, vt diuelli ægrè queat: & ad charitatem de¬

241 585 693 37 clarandam nulla magis idonea, ſic itaq́ ait Apoſtolus: Adhortor, vt ante omnia fiant

241 606 693 41 deprecationes:) Adhortor, inquit, Digniſsima res de qua inprimis epiſcopi admone

238 628 696 39 antur, & cuius prima cura omnibus Chriſtianis eſſe debet, nimirſi vt oretur. In genere

241 647 693 45 autem oratio dicitur conſtans & ex intimo affectu alicuius rei neceſſariæ à Deo peti¬

242 667 691 43 tio: Etiamſi alſj malunt, eſſe mentis ad Deum eleuationem. Dico petitionem, quia o¬

237 690 696 41 portet in ea agnoſcamus aliquid nobis deeſſe, quod cupimus à Deo impetrare: vt vi¬

241 712 692 43 delicet noſtrã fragilitatem vel miſeriam intelligentes humiliemur contra Phariſæorũ

241 735 691 41 ſuperbiam, & cum ſemper egeamus, ſemper ad orandum excitemur. A Deo autem,

242 755 691 40 quia ab illo ſolo omne bonum deſcendit, & à nullo alio debemus petere vel expecta¬

242 776 691 39 re. Neceſſaria res petenda eſt, quia ſtulta vota vel inutilia Deus non audit, & petita

239 800 695 36 iuſté negat. Conſtans præterea eſſe debet oratio: quia Deus vult ſæpè rogari, & fi¬

239 818 694 42 dem probare, & ſæpè rogatus tandem concedit, oportet ſemper orare & nunquâm

239 841 693 42 defatigari. Ex intimo affectu: quia exanimo, non fucaté, & ardenti affectu præcipuẽ

231 865 701 36 fide, loann.4. Veri adoratores in ſpiritu & veritate orant. Iacobus ſine hæſitatione

239 883 693 41 & cum fide vult nos orare. Hæc verò requiruntur in oratione, quam vnuſquis pri

239 904 693 40 uatim facit quotidie & vbiubiſit locorum. Sed multo magis requiruntur in oratio¬

239 926 691 43 ne publica, quæ fit ab omnibus in publico cœtu & congregatione: quam credi par eſt

238 947 693 40 ſemper etiam efficaciorem fore, quando à quamplurimis & concordibus animis fit,

239 971 694 41 Vult autem fieri orationes ante omnia. Id dupliciter accipi poteſt: vel vt ſignificet, ni¬

238 990 690 40 hil ſic neceſſarium, atque eſt oratio: ac propterea eam præ quibuſcun alujs charita¬

238 1015 692 38 tis officijs exercendam: vel vt ſignificet circumſtantiam temporis, id eſt, prima ſtatim

238 1036 694 41 diei parte conueniendum ad orationem, priuſquam aliquid operis faciamus. Id quod

237 1057 693 39 etiam conuenientiſsimum eſt, vt primum opus & prima diei portio rebus diuinis dice¬

238 1076 692 38 tur: & quia nihil prius Deo habere debemus, non eſt quod putemus bene ſucceſſu¬

234 1097 696 43 rum in relſquis rebus, niſi Deum prius orauerimus: quam opinionem commodiſsimũ

234 1119 695 43 eſt teneris & rudibus animis inculcare. Atque hunc morem olim ſeruatum ſcriptores

235 1139 693 45 teſtantur: inprimis Tertullianus, apud quem ſæpè antelucanorum cœtuum mentio

234 1166 696 37 eſt. Et Plinius ipſe Epiſtol. libro decimo, ad Traianum Imperatorem idem refert. Te¬

233 1188 698 38 ſtantur eundem morem certi hymni, vt ille Prudentij, Alius diei nuncius & alter, iam

232 1206 696 39 lucis orto ſydere, &c. Atque ita faciendo nihil detrahebantur diurnis operis. Eta¬

230 1232 698 38 nimus ſobrius, ieiunus, à quiete corporis manè maximè compoſitus eſt ad res diui¬

230 1250 699 54 nas peragendas, magis quam alia diei parte. Tametſi vtnec eleemoſyna, nec ieiu¬

866 1289 60 40 nium:

164 157 62 41 A fimili.

164 258 75 36 Ceremoniæ

164 282 75 29 quatenus in

164 302 75 31 ecclefia reti¬

162 323 77 31 rendæ & co¬

162 345 53 26 Iendæ.

161 359 77 33 A ratione æ¬

162 384 42 26 tatis.

160 487 79 35 Ordtionis de

160 510 53 31 finitio.

161 528 78 30 1. In oratione

160 552 80 29 homo aguo¬

159 568 79 31 ſcit, & con¬

160 587 78 33 fitetur ſuam

160 607 78 35 ipſius fragili¬

159 629 48 30 tatem.

157 649 80 28 2.A Deo ſo¬

157 666 78 31 lo res bonæ

156 686 66 29 patendæ.

156 703 79 34 3. Res neceſ¬

157 727 77 28 ſariæ peten¬

157 749 77 24 dæ, uota in¬

156 765 77 28 utilia præter

156 782 77 29 mittenda.

156 798 83 32 4. Oratio de¬

156 822 78 32 bet eſſe con¬

153 840 81 33 ſtans & ar¬

158 868 50 26 dua.

153 875 81 33 5. Oratio

157 899 77 30 proficiſci de¬

156 920 78 28 bet ex ani¬

156 942 73 32 mo & cor¬

158 960 22 27 de.

155 978 74 28 lacob. 1.

153 998 79 32 Preces labo¬

155 1017 77 29 res & ſtudia

153 1037 80 30 hominum de¬

153 1055 77 29 bent præce¬

156 1079 55 27 dere.

155 1093 74 34 Cœtus ante¬

154 1113 53 32 lucani.

152 1135 78 31 Preces non

153 1157 71 22 impediunt

153 1175 69 27 labores &

153 1194 73 37 operas homi¬

151 1216 43 47 um.
