1000 1564
242 110 14 51 70

404 131 396 26 IN I. EPIS T. D. PAVLI

237 138 696 39 ſurſum ſublatis cœlum demonſtramus, Deum ſignificamus. lta́ ut totus in Deum

238 166 695 32 feratur animus per fidem, eſt neceſſarium, ſi exaudiri volumus. Sic Thren3. Leuemus

239 192 694 27 corda noſtra cum manibus in cœlum. Debent præterea manus eſſe puræ, id eſt, nullis

238 215 695 28 ſordibus vitiorum inquinatæ. Nam cum manibus multa peccata perpetrantur, vt fur¬

239 236 694 27 tum, cædes, rapina, vis illata, pugnę, & c. Cum exiguntur manus purę, exigitur ab om¬

239 256 693 28 nibus ſceleribus immunitas, ita vt Synecdochicè per manuum puritatem intelligatur

238 275 694 30 puritas totius hominis, præſertim animi ſiue cordis. Fide purificantur corda. Sic vero

241 298 691 33 & impuritas manuum damnatur Eſa.1.Cum extenderitis manus veſtras, auertam ocu¬

222 322 710 29 los meos à vobis, & cum multiplicaueritis orationem, non exaudiam. Manus enim

222 340 711 31 ˒˒ veſtræ ſanguine plenæ ſunt. Sed vt plenius exprimat Apoſtolus, quid per manuum

242 359 688 35 impuritatem intelligi queat, quaſi per interpretationem adijcit, Abſque ira & diſcgta¬

235 383 697 30 tione. Ira præcipuè manus polluit, & per eam omnes affectus vitiantur. Qui irato eſt

241 404 689 35 animo, plerunque erumpit ad perpetranda ſcelera. Sed & ideo ira abeſſe debetab o¬

238 427 692 35 raturo, quia oratio debet fieri tranquilla & quieta mente. Quies autem non contin¬

238 450 693 32 git, vbi ira vel odium, vel appetitus vindictæ habet locum. Huc pertinet illud Ec¬

238 473 695 27 cleſ.28. Homo homini ſeruat iram & à Deo quærit medelam? Matth. 6. Si non remi¬

241 492 689 31 ſeritis errata ſua, nec pater veſter remittet errata veſtra. Item quod quotidie oramus,

239 513 691 33 Remitte nobis debita noſtra, ſicut & nos remittimus debitoribus noſtris. Diſcepta¬

239 534 691 35 tionem autem interpretantur nonnulli hæſitantiam, qua videlicet quis ſecum diſce¬

238 555 691 36 ptat, dubitans, num ſit exaudiendus. Oportet ergo hominem oraturum non diſce¬

242 577 684 36 ptare ſecum, non fluctuare: ſicut lacobus docuit. Nam qui hæſitat, is ſimilis eſt flu¬

239 600 691 33 ctui maris, qui ventis agitur, & impetu rapitur. Neque exiſtimet homo ille ſe quic¬

239 622 690 36 quam accepturum à Domino. Habemus ergo hîc non obſcura documenta, quomo¬

239 645 363 35 do nos ad orandum componere debeamus.

286 672 619 43 Conſimiliter & mulieres in amictu modeſto cum verecundia & caſtitate

263 707 642 38 ornare ſemetipſas, non tortis crinibus, aut auro, aut margaritis, aut veſtitu ſum¬

267 731 527 45 ptuoſo, ſed quod decet mulieres profitentes pietatem per bona opera.

255 769 676 34 Eadem ſine dubio puritas affectuum requiritur à mulieribus quæ à viris: ſed eſt

238 797 691 33 præterea, cuius mulieres ſunt admonendæ: quomodo videlicet etiam in veſtitu ſeſe

238 818 688 35 gerent, vbi ad eccleſiaſticum cœtum conuenerint. Conſimiliter & mulieres, id eſt,

238 840 486 30 orent, ſuſtollentes puras manus, abſ ira & diſceptatione.

256 860 674 31 Sed præterea volo mulieres ornare ſemetipſas in amictu modeſto, cum verecundia & caſti¬

238 882 691 32 tate.) Solent mulieres huic vitio eſſe obnoxiæ, quòd magnificentius comptæ ambi¬

239 907 691 27 unt prodire in publicum: qua ex re dum arroganter captant gloriam, & quemadmo¬

241 925 688 32 dum ille ait, videre cupiunt ac videri: ſine dubio verecundiam deponunt, quæ præ¬

239 946 690 36 cipuum eſt mulierum caſtarum ornamentum, & periclitatur earundem caſtitas. Quæ

238 970 691 29 enim uerecundiam exuerit, quæ uidere & uideri ambit, certè ſeipſam quodam¬

238 989 690 34 modo exponit alijs concupiſcentibus expetendam. Vnde Eccleſiaſtici26. Fornicatio

234 1015 695 27 mulieris excellentia oculorum, & in palpebris illius agnoſcetur. Et prouerb.6. mu¬

234 1035 695 28 lier ornatu meretricio deſcribitur, garrula, uaga, quietis impatiens, quæ apprehen¬

234 1059 695 26 dens iuuenem deoſculatur, ac procaci uultu blanditur, decipiens animam illius. Ec¬

234 1076 696 31 cleſiaſtici 19. de ueſtitu. Amictus corporis & riſus dentium, & ingreſſus hominis an¬

234 1102 696 26 nunciant de illo. Itaq́ non indecorum modò, ſed ſæpẽ periculoſum eſt, quòd mu¬

238 1122 692 30 lieres ſe uel ſupra morem patriæ, uel ſupra facultates ſuas, uel ſecus omnino, quàm

238 1141 692 30 decet matronas, præſertim profitentes pietatem, comunt exornantúe. Debent orna¬

237 1161 692 32 tæ eſſe amictu modeſto, qui ſatis eſt, ut placeant ſuis uiris. Græcè eſt, ἐν καταστολῇ κο¬

233 1185 697 28 σμίῳ. Significat autem καταστολὴ ſtolam quandam & amictum ſimplicem, qui undi¬

234 1210 697 25 quaque tegit ac uelat, ne quid ſit conſpicuum ceu fallax, ut Theophylactus

234 1232 697 27 annotauit. Cum humili animo ſit orandum, nequaquam decet ueſte ea uti, quæ

235 1254 696 26 excitet faſtum & ſuperbiam. Et quæ uenit in cœtum, ut agat cum ſolo Deo,

233 1273 699 41 nequaquam debet in ueſte præ ſe ferre, quo uidetur uelle agere cum quibuſuis

879 1296 51 33 uiris.

198 288 37 39 Eſa.1.

166 350 69 46 Iræ effecta

169 382 47 32 mala.

182 608 51 24 Iacob.1.

153 869 79 38 Omamenti ĩ

153 896 81 28 muliebris ſe¬

155 920 78 23 xus uerecun¬

155 934 79 33 dia eſt & ca¬

156 958 48 30 ſtitas.

155 1094 74 58 Qualis eſſe

153 1140 77 31 debeat mun¬

153 1161 80 55 dicies mulie¬

155 1185 39 28 bris.
