1000 1564
208 129 408 23 AD TIMOTHEVM CAP. I.

744 134 13 27 63

74 137 686 36 re eccleſiam recuſarat, diuexaret in corpore, morbum videlicet, vel aliud malum (exe

75 168 685 28 plo Hiob, quem Deus voluit eo pacto probarſ) quo caro, quæ petulantior fuerat, do¬

71 186 685 32 maretur, immittendo. Alij verò per traditionem ſatanæ intelligunt ſimpliciter declara¬

73 209 678 30 tionem ſeparationis à Chriſto & à cœtu fidelium, ad tempus, ob quam peccator vſ

74 228 680 33 adeò angeretur vt videns ſe contemni & vitari ab omnibus, abſorberetur propemo¬

76 255 684 27 dum præ mœrore: quo pacto caro illius humillata afflicta́ quodammodo interiret.

78 269 676 34 Vtra autem interpretatio, ſi primæ eccleſiæ ſtatum conſideremus, locum meritò ha¬

75 294 679 34 bebit. Etenim conſentaneũ vero eſt, quòd quo tempore expediebat veritatẽ doctrinę

76 319 678 30 Euangelicæ & miniſterij eccleſiaſtici dignitatem comprobari miraculis, nõnunquam

75 336 679 28 corpore viſibiliter ſint diuexati, quos eccleſia Dei propter peccata ſatanæ tradidit.

77 359 683 30 Hæc conueniebat ſanè tũc multas ob cauſſas ita fieri, Cæterùm ex quo tempore tã do¬

77 382 681 31 ctrina, quàm miniſterlum eccleſiæ ſatis eſt cõfirmatum, nequaquam perequè vt antè,

78 400 674 35 neceſſarium eſt, eos qui excommunicantur, in corpore à ſatana cruciari. Magnum

78 428 676 27 eſt, ſi pudore, vt ad Theſſalonicenſes dicitur, ſuffundantur, atque ita emẽdentur:ideo¬

75 444 682 29 que erit excommunicatio legitimè facta, iuxtà metuenda & éfficax, atque ſi externa

75 465 682 34 afflictio in corpore accideret. Rata vſ manet Chriſti ſententia & promiſsio dicta ad

75 484 682 33 eceleſiam, ſontes iuſtis de cauſsis & ſeruato ordine excommunicãtem, Matt.18. Amen

75 506 681 36 dico vobis, quæcun alligaueritis ſuper terram, erunt ligata in cœlo: & quæcun ſol¬

75 527 683 32 ueritis ſuper terram, erunt ſoluta in cœlo. Ne verò eos, qui excommunicati ac tradi¬

75 550 683 32 ti ſatanæ ſunt, exiſtimabimus ſic penitus excluſos à regno Chriſti, quaſi iam ſimplici¬

76 574 682 32 ter damnati, nulla ſpe ſalutis relicta, eſſent: ſed ſtatuemus eſſe admodum ægrotos, qui¬

79 591 679 35 bus tamẽ medicamẽ adhuc porriga, & quos ſeruari poſſe in vita cõfidamus. Ne habe¬

78 613 680 33 atis, inquit Apoſtolus, velut inimicum, ſed admonete vt fratrem: 2. Theſſal. Quapro¬

78 634 680 35 pter his, qui aliquamdiu excommunieati fuerunt, ſi modò egerunt pœnitentiam, redi¬

80 659 677 31 tus patet ad eccleſiam: at ſano corpori membra ſanata rurſus copulantur.lta́ Apo¬

78 677 678 33 ſtolus 2. ad Corinth.2. Scripſi vobis, inquit, non vt mœrore afficeremini, mox addit :

78 697 678 35 Sufficit iſtiuſmodi homini increpatio hæc, quæ facta eſt à plurib. adeò, vt è diuerſo ma¬

78 720 678 33 gis condonare debeatis, & conſolarſ, ne quomodo fiat, vt immodico dolore abſorbea

79 744 685 29 tur huiuſmodi. Quapropter obſecro vos efficite, vt valeat in illum charitas. Quando i¬

80 766 685 29 gitur in homine lapſo dolor, ſeria pœnitentia, vitę emendatio, apparent, ſuadet chari¬

79 788 686 31 tas noxam ei condonari, at eccleſſęiterum adiungi. Porrò apud diuerſas eccleſias di¬

80 815 685 25 uerlum fuilſe olim morem lapſos & pœnitentes in gratiam recipiendi, ex patrum ſcri¬

80 830 685 31 ptis licet cognoſcere. Vide Tertullian. in lib. de pœnitentia, Cyprianum lib. 3. Epiſtol.

80 850 685 31 Epiſtola 14. & 16. Auguſtinum in Enchiridio ad Laurentium capite 65. Chryſoſtomum

81 868 684 41 homil. 4. in 2. Epiſt. ad Corinthios. Et hæc de altera parte doctrinæ epiſcoporum quæ

85 894 90 30 eſt defide.

105 925 662 52 Sequitur de doctrina εὐταξίας, ſeu quarundim rerum pertinentium ad bonum ordinem

82 953 84 34 in eccleſia.

277 1016 296 30 CAPVT II ❧

117 1083 21 1 A

144 1055 595 31 Dhortor igitur, vt ante omnia fant deprecationes, obſecrationes, interpella¬

135 1079 605 47 tiones, gratiarum actiones pro omnibus hominibus, pro regibus, et omnibus in

107 1103 339 44 eminentia constitutis, &c vſ ad cap.3.

96 1217 74 47 S

178 1169 584 36 Equitur de doctrina εὐταξίας, ſeu quarundam rerum pertinentium ad bo¬

178 1191 583 36 num ordinem in eccleſia: quæ doctrina ſemper neceſſaria eſt poſt do¬

179 1209 583 36 ctrinam fidei. Etſi enim non ſit ad ſalutem neceſſaria, quippe apud perfe¬

179 1232 585 40 ctos ea nequaquam opus eſt, vtpote qui omnia huiuſmodi agunt ſponte,

86 1252 682 56 neque oportet eos vllis ceremonijs regi aut gubemnari: tamen quia hinc accedit non¬

625 1288 41 25 f 2

719 1283 52 40 nhil

761 166 78 47 De tradi¬

764 205 70 29 tione ſatanæ

756 229 67 33 ſpirituali.

760 258 80 53 An corporali¬

762 299 56 30 ter uexati

766 315 73 36 ſint excõmu¬

764 337 37 37 nicati.

765 385 74 41 Excommuni¬

761 414 78 33 catio legiti¬

762 434 77 32 na æ effi¬

762 453 77 31 cax, ac cor¬

761 471 78 35 poralis affui¬

760 490 32 35 ctio.

760 513 14 33 ˒˒

765 522 74 42 Ande excõ¬

765 553 73 30 municatorũ

765 572 75 31 ſalute pror¬

765 590 75 34 ſus ſit deſpe¬

764 612 53 29 randum.

764 628 78 34 Lapſis et ex¬

765 649 77 32 communica¬

767 669 60 32 tis reditus

767 684 75 38 patet ad ec¬

765 707 75 33 cleſuã ꝑ pa¬

766 727 52 44 tentiam.

770 1174 73 45 Εὐταξία ne¬

770 1210 70 28 ceſſaria eſt

770 1227 65 41 in eccleſia.
