1000 1564
241 137 21 22 68

404 135 379 25 IN I. EPIST. D. PAVLI

237 157 692 24 eſt qui omnes cum Deo patre reducit in gratiam, acpropterea non eſt quod quilquã

237 168 691 35 cæteros vilipendat, quaſi non habeant eundẽ reconciliatorẽ omni tempore ad ſubue

237 186 691 38 niendum ipſis paratum. Propriè autẽ reconciliator iſte ſeu mediator (ita enim græcè

238 209 690 42 μεσίτης) Chriſtus eſt, qui ſolus ad munus hoc fuit idoneus, & ſe paratum obtulit. Diſsi¬

240 231 690 40 dium erat inter duas partes, videlicet inter Deum patrem, & homines, qui patrẽ pec¬

240 254 690 33 cando leges́ eius tranſgrediendo offenderant: ita ut iam Deus pater per ſuam iuſti¬

238 275 692 35 tiam merieo vniuerſum genus humanum erat perditurus. Nec interim homines vlla

238 295 692 39 ratione iratum patrem potuiſſent placare. Chriſtus ita ſolus reconciliandæ multitu¬

238 316 692 38 dinis patrocinium ad ſe recepit, ſolus uoluit & potuit. Proinde ut commodius id face¬

238 338 688 38 ret, ſicut diuerſa erat partium conditio: ita placuit ei, ut ſe vtri parti accommodaret,

238 361 691 36 vtriuſ partis perſonam induere: ſic mediator inter Deum & hominem dum vult

241 381 685 37 fieri, ſicut ipſe ſemper fuit Deus, ita homo quoq in tempore factus eſt, aptiſsime

241 405 685 36 hominem cum Deo reconciliauit, quando ipſe ut Deus erat, apud Deum patrẽ quid¬

242 423 684 37 uris potuit efficere, & ut homo potuit hominum neceſsitatem & miſeriam agnoſcere:

242 447 684 33 & ſic utri parti viſus eſt æquus arbiter, quando vtriuſ partis naturam in ſe habuit.

241 465 683 43 Ille ergo homo Chriſtus leſus, idem́ Deus dependit patri Deo quicquid pro homi¬

242 492 387 31 num ſalute erat dependendum. Vnde ſequitur,

253 507 674 38 Dedit ſemetipſum pretium remdemptionis pro omnibus.) Cauſſa diſsidij erat peceatum.

235 531 690 37 Peccatum autem quoniam non nſi ſanguine poteſt expiari, & quidem non niſi pre¬

235 555 691 34 rioſiſsimo ſanguine, non taurorum aut hircorum, dignatus eſt Chriſtus ſuum ipſius

235 576 689 33 ſanguinem fundere, imò totum ſeſe dare in pretium redemptionis, & quidem pro

230 597 695 32 omnibus, ita ut id pretium eſſet ſufficiens ad ſatisfaciendum irato patri, pro pecca¬

237 619 688 35 tis non noſtris tantúm, vt dicitur 1. Iohan.2. verum etiam totius mundi, & nullum uo¬

237 637 684 38 luerit à ſatisfactionis illius participatione excludi: niſi qui ſemetipſum ſuis peccatis

237 665 688 31 & perfidia excludit. Singula autem uerba habent ſuam Emphaſin, illa præſertim

237 682 684 38 ſemetipſum & pro omnibus. Eſt́ Metaphora in uoce, pretium redemptionis. Solent

235 702 689 35 enim captiui redimi: nam & græcè legitur ἀντιλυτρον, ubi nos legimus pretium re¬

237 725 686 37 demptionis. Significat proprie id uocabulum pretium, quo redimuntur captiui ab ho¬

235 744 689 38 ſtibus, eamq́ commutationem, qua capite caput, & uita redimitur uita. Proinde eſt

234 768 689 38 egregia laus Chriſti, qua inſignis illius charitas erga humanũ genus quod perierat,

235 789 689 37 celebratur, cum ipſe uoluerit agere reconciliatorem, & quidem impendendo ſemet¬

234 810 689 35 ipſum pretium redemptionis, & pro cuiuſcun conditionis hominibus. lohan.1o.

234 830 689 38 Maiorem charitatem nemo poteſt exhibere, quam ut animam ſuam ponat quis pro

234 851 689 37 amicis ſuis. Roman.5. Commendat ſuam charitatem erga nos Deus, quòd cum adhuc

233 874 691 36 eſſemus peccatores, Chriſtus pro nobis mortuus eſt. Ac proinde nos hoc exemplo

233 897 693 33 Chriſti ad charitatẽ moueri debemus. Præterea ingens conſolatio conſcientijs noſtris

234 918 690 37 eſſe debet, quando nobis ſic in ſcripturis proponitur Chriſtus homo aut recõciliator:

234 935 691 41 ut nunquam profectò ſit deſperandum, cum hominem habeamus Chriſtum, qui uelit

234 961 687 36 intelligere noſtras miſerias, & quem audeas compellare: (nam propterea Apoſto¬

234 982 689 37 lus eum hîc hominem diſertè appellat:) & eundem Deum, qui poſsit peccata noſtra

215 1003 707 39 ˒˒ tollere. Huc pertinent illa Roman.5. Iuſtificati perfidem pacem habemus ad Deum,

215 1027 708 34 ˒˒ per Dominum noſtrum leſum Chriſtum. Roman. 8. Chriſtus eſt qui mortuus eſt, &

232 1045 692 38 ſuſcitatus eſt, & ſedet ad dexteram Dei, & intercedit pro nobis. 1.Iohan.2. Filioli mei

211 1069 714 32 ˒˒ hæc ſcribo uobis ne peccetis: & ſi quis peccauerit, aduocatum habemus apud pa¬

213 1089 712 37 ˒˒ trem, leſum Chriſtum. Et ipſe eſt propitiatio pro peccatis noſtris. Hebr.9. Ob id

214 1113 710 34 ˒˒ noui teſtamenti conciliator eſt, ut morte intercedente ad redemptionẽ earum præ¬

229 1138 695 28 uaricationum, quæ fuerant ſub priori teſtamento, ſi qui uocati ſunt, promiſsionem

229 1158 693 29 accipiant æternæ hæreditatis. Hebr.4. Chriſtus dicitur thronus gratiæ. Romanor.3.

228 1179 696 33 Hunc propoſuit Deus reconciliatorem per fidem, interueniente ipſius ſanguine. In

227 1200 696 31 hos ergo locos & ſimiles paſsim obuios decet perturbatas conſcientias intueri. Po¬

227 1219 697 33 ſtremò diſcimus unum duntaxat reconciliatorem agnoſcere Chriſtũ, ne plures nobis

226 1244 697 31 reconeiliatores ſtatuamus. Verum quidem eſt, orant ſancti in terris poſiti pro ſe

227 1262 696 47 mutuo & exaudiuntur, ſed propter illum vnum reconcillatorem Chriſtum, qui

848 1286 75 47 ipſemet

157 151 76 31 Vnus media

157 173 76 31 tor Dei &

157 192 76 32 hominum

156 212 74 30 Chriſtus Ie¬

157 231 32 28 ſus.

158 247 75 31 Dißidiũ in¬

158 273 76 30 ter Deum et

157 295 66 26 homines.

155 345 78 51 Chriſtus u¬

153 384 80 31 triuſ, par¬

153 405 79 29 tis perſonã

154 427 64 27 ſuſcipit.

153 444 77 29 Christus De¬

157 470 25 23 us.

155 480 77 37 Christus Ho¬

155 508 37 22 mo.

153 523 79 29 Peccatum

152 542 77 30 cauſſa dißi¬

152 560 77 30 dij mter De¬

152 581 77 31 um & homi

154 605 53 27 nem.

174 616 56 34 Hebr.9.

156 638 74 31 Peccata ho¬

153 662 76 25 minum non

153 680 78 26 niſi ſanguine

155 695 75 33 Chriſti poſ¬

151 715 79 34 ſunt expiari.

151 735 79 31 Metaphora

152 757 78 26 à captiuis.

149 771 81 38 ἀντίλυτρον

153 797 54 26 quid.

149 811 81 33 Chriſti chari¬

149 834 81 30 tas erga ho¬

149 853 81 30 mines ineffe¬

150 874 43 24 bilis.

173 894 55 27 Ioan.10.

174 914 54 24 Rom.5.

151 930 78 30 Vſus charita¬

148 948 81 33 tis Chriſti in

149 974 58 31 nobis.

173 1038 56 46 Ron.8.
