1000 1466
187 23 33 31 26

454 9 228 41 I. TIMOTH.

198 52 726 41 orandum eſſe. Alii, vt Chryſoſtomus, requiri putant, non tam ergo

195 85 728 38 Deum quàm homines placidos animos & omni perturbatione va¬

198 116 724 39 cuos. Quia nihil eſt quod puram Dei inuocationem magis impe¬

200 149 722 34 diat, quàm rixæ & contentiones. Vnde etiam iubet Chriſtus ſi quis

198 172 725 41 diſſideat cum fratre, prius reconciliari, quàm munus ad altare offe¬

193 204 729 35 rat. Horum vtrunque veriſſimum eſſe fateor. Sed dum præſentis

193 232 732 39 loci cireunſtatiam expendo, non dubito quin reſpexerit Paulus ad

189 263 733 41 diſceptationes, quæ inde oriebantur, quòd Iudæi Gentes ſibi æquari

190 292 730 42 indignabantur, & ideo controuerſiam mouebant de earum vocatio¬

192 323 728 39 ne, imo eas repudiabant, arcebántque à gratiæ confortio. Vult ergo

193 351 732 39 Paulus, ſedatis eiuſmodi contentionibus, omnes vbiuis gentium ac

190 381 735 43 terrarum Dei filios vnanimes orare. Quanquam nihil prohibet,

199 411 678 41 quin ex particulari ſententia eliciamus generalem doctrinam.

276 439 650 36 Conſimiliter & mulieres.) Quemadmodum viros iuſſit

203 469 725 37 tollere puras manus, ita nunc præſcribit, qualiter mulieres ad ritè

203 500 722 38 orandum compararas eſſe deceat. Ac videtur inter virtutes quas

200 528 725 37 commendat, & externani Iudæorum ſanctificationem tacita ſubeſſe

198 557 727 41 antitheſis. Nam innuit, nullum eſſe profanum locum, & unde non

194 587 732 36 ad Deum acceſſus pateat, modò ſuis vitiis non arceantur, tam viri

194 616 730 43 quàm mulieres. Porrd̀ ſumpta occaſione, vitium, quo ferè laborare

196 646 726 38 ſolent mulieres, corrigere voluit. Fieri quoque poteſt, vt Epheſi, in

198 677 724 40 vrbe opulẽta & celebri emporio, magis graſſãtum ſit. Eſt autẽ nimia

193 707 732 39 ornatus cura &cupiditas. Vult autem vt ad pudorem &temperãtiam

195 735 727 37 cõpoſitus ſit earum ornatus. Nam inde luxuria & immodicus ſum¬

198 764 722 45 ptus, vel quod ſuperbiæ, vel quod laſciuiæ cauſa, oſtentare ſe appe¬

199 797 727 38 tunt. Atque inde petenda eſt regula mediocritatis. Nam quia res

200 825 728 36 eſt indifferens, veſtitus vt ſunt res omnes externæ. diffieile eſt præ¬

198 852 729 44 ſcribere certum modum, quouſque liceat. Magiſtratus quidem le¬

203 884 722 40 ges ſumptuarias ferre poterit, quibus libidinem vtcunque coerceat.

201 912 721 39 Sed pii doctores, quorum eſt regere conſcientias, ſemper debent vſus

201 943 722 40 legitimi finem reſpicere. Ita hoc ſaltem erit extra controuerſiam

205 972 721 41 quidquid non eſt cum pudore & temperantia conſentaneum in ve¬

207 1002 719 41 ſtitu, eſſe improbandum. Quanquam ab affectu ſemper eſt incipi¬

201 1031 728 42 endum. Nam vbi intus regnat proteruia, illic nullus pudor. Vbi

202 1061 726 44 regnat intus ambitio, illic nulla modeſtia in externo veſtitu exta¬

204 1090 725 44 bit. Sed quia hypocritæ vitioſos ſuos affectus quibuſcunque poſ¬

201 1121 729 42 ſunt coloribus fucare folent, neceſſariò protrahendi ſunt ad id quod

202 1149 724 44 apparet. Magnæ improbitatis erit negare, honeſtis & caſtis mulieri¬

202 1182 727 39 bus pudorem conuenire, tanquam proprium & pe rpetuum ornamen¬

203 1208 734 42 tum. Similiter, moderationem ab omnibus ſeruandam eſſe. Quid

206 1238 732 43 quid ergo erit his contrarium, fruſtra excuſabunt. Certas deinde

208 1269 728 50 ſpecies exceſſus nominatim reprehendit: vt ſunt capilli complexi,

848 1303 83 47 Marga¬
