1000 1466
195 23 42 38 16

450 10 233 45 l. TIMOTH.

200 53 729 48 Audientes colamus bona conſcientia fidei noſtræ poſſeſſionem, vt

198 102 372 24 ſalua nobis ad extremum maneat.

274 113 653 46 Quos tradidi Sathanæ.) Quemadmodum diximus in quin¬

200 146 729 44 tum caput prioris Epiſtolæ ad Corinthios, ſunt qui interpretãtur ex¬

198 175 731 43 traordinariis flagellis fuiſſe coercitos: ídque referunt ad δυναμίν,

197 206 732 39 cuius meminit Paulus eiuſdem Epiſtolæ capite decimo. Nam vt do¬

194 237 735 38 no ſanationis præditi erant Apoſtoli ad teſtandam erga pios Dei gra¬

194 265 735 41 tiam & beneficentiam, ita aduerſus impios & rebelles armati erant

195 294 734 46 potentia: vel vt vexandos Diabolo traderent: vel vt aliis flagellis in

196 326 731 38 eos animaduerterent. Cuius potentiæ ſpecimen edidit Petrus in A¬

197 355 735 42 nania & Sapphira Paulus verò in Bar-Ieſu mago. At mihi de excom¬

196 385 736 42 municatione exponere magis placet. Nam vt credamus aliter, quàm

199 414 730 42 excommunicatione caſtigatum fuiſſe Corinthium illum inceſtum,

202 443 729 42 nulla probabilis coniectura affertur. Si autem illum excommunican

205 471 724 44 do Sathanæ tradidit Paulus: cur non eadem locutio idem hîc vale¬

206 502 724 41 bit? Adde quod vim excommunicationis optimè explieat. Nam cum

204 531 726 41 in Eccleſia ſedem regni ſui habeat Chriſtus, extra non eſt niſi Satha¬

201 560 732 45 næ dominium. Proinde qui ab Eccleſia exterminatur, eum tantiſ per

198 592 735 44 ſub tyrannide Sathanæ degere neceſſe eſt, dum Eccleſiæ reconcilia¬

200 620 734 43 tus, ad Chriſtum redeat. Vnum excipio, quod, pro mali atrocitate.

199 649 733 45 perpetuum iſtis anathema denunciare potuit. De quo nihil tamen

202 679 728 43 auſim pro certo aſſerere. Sed quid ſibi vult proxima particula: Vt di¬

200 708 733 42 ſcant non maledicere? Nam qui ab Eccleſia eiectus eſt, plus licentiæ

200 737 731 47 ſibi vſurpat: quia tanquam communis diſciplinæ iugo ſolutus, petu¬

202 768 727 44 lantius inſurgit. Reſpondeo, vtcunque exultet eoruni improbitas, a¬

205 798 728 46 ditum tamen præcludi,ne ſua contagione gregem inficiant. Nam eo

206 829 731 39 maximè nocent improbi, dum eiuſdem fidei prætextu ſe inſinuant.

205 857 729 45 Nocendi ergo facultas illis eripitur, dum notantur publica infamia.

204 886 727 45 vt nemo ſimplicium ignoret, profanos eſſe homines & execrandos :

201 920 729 36 ideóque omnes ab eorum communicatione abhorreant. Ipſos etiam

203 947 728 42 interdum contingit irrogata ſibi talis ignominiæ nota confuſos. à

207 973 722 49 proteruia deſiſtere. Ergo etiam ſi improbiores reddantur aliquando:

208 1005 689 46 tamen non ſemper inutile eſt ad domandam ferociam temedium.

452 1066 223 40 CAPVT II.

219 1143 103 139 A

344 1121 592 52 Dhortor igitur, vt ante omnia fiant de¬

344 1160 591 53 precationes, obſecrationes, interpellatio¬

340 1198 597 52 nes, gratiarum actiones pro omnibus ho¬

335 1237 604 49 minibus, pro regibus & omnibus in emi¬

204 1273 734 61 nentia conſtitutis, vt placidam & quietam vitam

863 1310 66 49 dega¬
