1000 1466
175.0 37.0 42.0 44.0 80

444.0 28.0 227.0 41.0 I. TIMOTH.

187.0 70.0 736.0 43.0 nis ſignis eam nobis patefacit: non tamen propterea ſequitur, quin

187.0 105.0 735.0 39.0 conſtitutum intus habeat, quid de ſingulis hominibus fieri velit. Cæ¬

190.0 134.0 733.0 38.0 terùm id, quia nihil ad præſentem locum facit, prætereo. Nam Apo¬

190.0 164.0 735.0 42.0 ſtolus ſimpliciter intelligit, nullum mundi ordinem à ſalute excludi:

190.0 197.0 734.0 39.0 quia omnibus ſine exceptione Euangelium proponi Deus velit. Eſt

188.0 223.0 733.0 41.0 autem Euangelii prædicatio viuifica. Meritò itaque colligit, Deum

186.0 254.0 732.0 40.0 omnes pariter ſalutis participatione dignari. At de hominum gene¬

185.0 284.0 733.0 40.0 ribus, non ſingulis perſonis ſermo eſt. Nihil enim aliud intendit.

186.0 313.0 733.0 41.0 quàm principes in hoc numero includere. Quòd autem his quoque

187.0 343.0 736.0 35.0 Euangelii doctrinam communem eſſe velit Deus, conſtat ex teſtimo¬

188.0 374.0 737.0 39.0 niis iam citatis, & ſimilibus. Neque enim de nihilo dictum eſt: Nunc

191.0 402.0 733.0 39.0 Reges intelligite. In ſumma, indicare Paulus voluit, non eſſe conſi¬

191.0 431.0 734.0 37.0 derandum, quales tunc eſſent principes: ſed quales eſſe Deus vellet.

187.0 460.0 739.0 42.0 Eſt autem officium charitatis, quoſcunque vocatione ſua complecti¬

197.0 491.0 727.0 39.0 tur Deus, eorum ſalutis curam ſtudiúmque ſuſcipere: ídque piis vo¬

198.0 522.0 726.0 37.0 tis teſtari. Atque huc pertinet, quòd Deum vocat noſtrum ſaluato¬

197.0 550.0 729.0 38.0 rem. Vnde enim nobis ſalus, niſi ex gratuita Dei beneficentia? Atqui

196.0 579.0 732.0 39.0 Deus idem qui iam nos ſalutis fecit compotes, ad eos quoque grati¬

191 605 736 44 am ſuam extendere aliquando poterit. Qui iam nos ad ſe traxit, po¬

194.0 637.0 733.0 38.0 terit illos nobiſcum adducere. Fadurumi autem pro confeſſo ſumit:

196.0 668.0 730.0 43.0 quia Prophetarum vaticiniis ita prædictum erat, de vniuerſis tam or¬

197.0 699.0 289.0 42.0 dinibus, quàm nationibus.

286.0 768.0 640.0 45.0 Vnus enim Deus, vnus & mediator Dei & ho¬

207 805 714 47 minum, homo Chriſtus Ieſus, qui dedit ſemetip¬

205.0 847.0 725.0 40.0 ſum precium redemptionis pro omnibus, vt eſſet

202.0 882.0 724.0 41.0 teſtimonium temporibus ſuis, in quod poſitus ſum

201.0 917.0 722.0 44.0 præco & Apoſtolus. Veritatem dico in Chriſto,

202.0 955.0 684.0 46.0 non mentior, Doctor Gentium in fide & veritate.

284.0 1018.0 645.0 40.0 Vnus Deus.) Parum valida in ſpeciem foret hæc ratio:

204.0 1049.0 728.0 41.0 Deum ideo velle omnes ſaluos eſſe, quia vnus eſt. Chryſoſtomus, &

203.0 1079.0 728.0 40.0 poſt eum alii ſic accipiũt: non eſſe plures Deos, ſicuti idololatræ com

202.0 1108.0 728.0 41.0 miniſcuntur. Sed aliud fuiſſe Pauli conſilium arbitror: vt hîc ſit taci¬

202.0 1140.0 727.0 38.0 ta comparatio vnius Dei cum toto mundo diuerſisque nationibus.

204.0 1169.0 726.0 38.0 Quemadmodum & tertio capite ad Romanos: Nunquid Iudæorum

202.0 1198.0 730.0 39.0 Deus tantùm? An non & Gentium? Imo vnus Deus, qui iuſtificat

202.0 1229.0 731.0 39.0 Circunciſionem ex fide, & præputium per fidem. Ergo vtcunque in

204.0 1259.0 731.0 36.0 hominibus tunc eſſes diuerſitas, quia multi ordines alieni erant à fi¬

204.0 1286.0 729.0 48.0 de, multæ que gentes: ad vnitatem Dei fideles reuocat Paulus: vt

856.0 1321.0 74.0 41.0 ſciant
