1000 1466
183 7 29 49 24

444.0 10.0 222.0 39.0 I. TIMOTH.

185.0 49.0 728.0 43.0 quæ ad tempus quodammodo emortua fuerant, quia ordinatæ ſunt à

186.0 84.0 726.0 34.0 Deo temporum vices: cur non ipſius prouidentiæ in aliis idem iuris

185.0 113.0 728.0 40.0 concedemus? An propterea Deum incõſtantiæ arguemus, quia quod

185.0 142.0 729.0 40.0 ſemper apud ſe decretumfixum eſt habuit, ſuo tempore profert in me

184.0 171.0 727.0 39.0 dium? Quare & ſi hoc repentinum mundo accidit & minimè expe¬

181.0 202.0 729.0 35.0 ctatum, quod Chriſtus Iudæis ac Gentibus promiſcuè redemptor ap¬

180.0 232.0 730.0 37.0 paruit: ne tamen putemus ſubitum hoc fuiſſe Deo: ſed potius admi¬

178.0 261.0 731.0 39.0 rabili eius prouidentiæ diſcamus ſubiicere ſenſus omnes noſtros. Ita

176.0 291.0 731.0 38.0 fiet, vt nihil quod ab ipſo prodierit nobis non ſit maximè tempeſti¬

177.0 324.0 731.0 35.0 uum. Ideo frequenter apud Paulum occurrit hæc admonitio: præ¬

176.0 350.0 737.0 40.0 ſertim eum de Gentium vocatione agitur, quæ ſua nouitate multos

178.0 380.0 734.0 36.0 tunc percellebat, & quaſi reddebat attonitos. Quibus hac ſolutio¬

182.0 409.0 729.0 37.0 ne non ſatiſfit, Deum occulta ſua ſapientia diſtribuiſſe temporum

185.0 437.0 726.0 43.0 vices: hi aliquando experientur, quo tempore ocioſum fuiſſe putant,

191 465 279 39 fabricaſſe inferos curioſis.

264.0 495.0 647.0 40.0 In quod poſitus ſum.) Ne temere, vt multi ſolent, de re ſibi

187.0 526.0 724.0 40.0 parum comperta aſſerere videatur: ſe ad hoc prædicat diuinitus ordi¬

185.0 561.0 726.0 36.0 natum, vt Gentes prius à regno Dei alienas ad Euangelii participatio¬

185.0 588.0 731.0 31.0 nem adducat. Nam Apoſtolatus eius ad Gentes, certum erat diui¬

183.0 615.0 732.0 38.0 næ vocationis fundamentum. Et ideo tantopere in ipſo aſſerendo la¬

183.0 645.0 731.0 41.0 borat: vt certè apud multos non abſque difficultate recipiebatur. Iuſ

183.0 675.0 731.0 35.0 iurandum vel obteſtationem adhibet, vt in re maximè ſeria, docto¬

184 701 727 39 rem ſe eſſe Gentium: ídque in fide & veritate. Quæ duo bonam con¬

184.0 734.0 731.0 40.0 ſcientiam ſignificant. Sed eam quoque fultam eſſe oportet certitudi¬

185.0 765.0 727.0 31.0 ne diuinæ voluntatis. Proinde non tantùm ſincero affectu ſe Gen¬

187.0 794.0 728.0 39.0 tibus Euangelium prædicare intelligit: ſed etiam ſana & intrepida

192.0 822.0 545.0 44.0 conſcientia: eò quòd nihil agat niſi Dei mandato.

281.0 880.0 632.0 44.0 Volo igitur orare viros in omni loco, ſuſtol¬

189.0 920.0 696.0 45.0 lentes puras manus, abſque ira, & diſceptatione.

191.0 958.0 723.0 38.0 Conſimiliter & mulieres in amictu modeſto cum

195.0 994.0 720.0 46.0 verecundia & temperantia ornare ſemetipſas, non

195.0 1032.0 722.0 43.0 tortis crinibus, aut auro, aut Margaritis, aut veſti¬

192.0 1067.0 728.0 45.0 tu ſumptuoſo: ſed quod decet mulieres profitentes

193.0 1104.0 363.0 59.0 pietatem per bona opera.

269.0 1172.0 628.0 49.0 Volo igitur.) Pendet hæcillatio ex proxima ſententia.

192.0 1204.0 726.0 42.0 Nam, vt in Epiſtola ad Galatas vidimus, Spiritu adoptionis prædi¬

193.0 1239.0 727.0 40.0 tos eſſe nos oportet, vt Deum ritè inuocemus. Poſtquam ergo

195.0 1267.0 727.0 52.0 Chriſti gratiam omnibus expoſuit, ideôque ſe Gentibus datum eſſe

819.0 1301.0 99.0 41.0 Apoſto¬
