1000 1466
305.0 27.0 165.0 42.0 CAP. II.

774.0 27.0 32.0 51.0 17

57.0 66.0 742.0 53.0 degamus cum omni pietate & honeſtate. Hoc enim

57.0 106.0 740.0 50.0 bonum & acceptum coram ſaluatore noſtro Deo,

57.0 144.0 738.0 53.0 qui omnes homines vult ſaluos fieri, & ad agnitio¬

62 183 305 49 nem veritatis venire.

131.0 241.0 656.0 45.0 Adhortor igitur.) Hæc pietatis exercitia exercent nos in

54.0 276.0 731.0 45.0 ſincero cultu Dei ac timore fouéntque bonam conſcientiam de qua

55.0 307.0 729.0 43.0 dixerat. Quare non abs re, illatiua particula vtitur: quia ex ſuperiore

58.0 333.0 727.0 48.0 præcepto exhortationes iſtæ pendent. Ac initio quidem de publicis

58.0 365.0 731.0 45.0 orationibus diſſerit: quas iubet non pro fidelibus modò concipi, ſed

57.0 395.0 731.0 45.0 pro vniuerſo genere humano. Poterant enim nonnulli ita ſecum re¬

57.0 423.0 737.0 46.0 putare: Cur de infidelium ſalute eſſemus ſoliciti, quibuſcum nihil eſt

56.0 452.0 739.0 46.0 nobis neceſſitudinis? Nónne ſatis eſt, ſifratres pro fratribus mutuò

58.0 487.0 739.0 42.0 oremus, ac commendemus Deo totam ſuam Eccleſiam? Nihil enim

56.0 513.0 738.0 42.0 ad nos extranei. Huic ſiniſtræ opinioni occurrit Paulus, ac iubet E¬

57.0 542.0 735.0 45.0 pheſios ſuis precibus complecti omnes mortales, nec eas ad corpus Ec¬

58.0 572.0 730.0 45.0 cleſiæ reſtringere. Porrd quid inter ſe differant quatuor ſpecies quas

57.0 601.0 730.0 42.0 enumerat, fateor me non penitus tenere. Puerile quidem eſt, quòd

57.0 632.0 730.0 44.0 Pauli verba Auguſtinus ad ritus ſuo tempore vſitatos detorquet. Sim

56.0 663.0 729.0 43.0 plicior eſt eorum expoſitio, qui deprecationes eſſe putant, quibus pe¬

56 689 732 44 timus liberari à malis: obſecrationes, quibus vtilia nobis poſcimus:

56.0 719.0 729.0 43.0 interpellationes, quibus apud Deum iniurias nobis illatas deplora¬

57.0 749.0 731.0 43.0 mus. Quanquam ego non ita ſubtiliter diſtinguo, vel ſaltem aliam

59.0 780.0 729.0 40.0 diſtinctionem magis probo. *ροσωυχας ſanè Græci vocant omne ge¬

66.0 810.0 728.0 38.0 nus orationis: δεή σας autem eas precationum formas, ybi certum

61.0 837.0 735.0 46.0 aliquid petitur. Hoc modo, inter ſe conuenirent hæc duo nomina,

61.0 865.0 733.0 44.0 tanquam genus & ſpecies. ιν rιύfας vocare ſolet Paulus quas alii

59.0 896.0 732.0 46.0 pro aliis ſuſcipimus preces. Pro quo Latina tranſſatio habet inter¬

58.0 924.0 732.0 48.0 ceſſiones. Quanquam Plato in Alcibiade ſecundo aliter accipit, nem¬

60.0 955.0 732.0 47.0 pe, pro ſeipſo certam precationem concipere. In ipſa autem libri in¬

60.0 984.0 733.0 43.0 ſcriptione & compluribus locis ſatis quod dixi oſtendit, προσευχὴν

61.0 1013.0 735.0 46.0 nomen eſſe generale. Sed ne plus æquo laboremus in re non neceſſa¬

61.0 1044.0 733.0 43.0 ria: Paulus, meo iudicio, ſimpliciter iubet, quoties publicæ orationes

61.0 1074.0 730.0 42.0 habentur, ſupplicare & deprecari pro omnibus: etiam qui in preſen¬

61.0 1103.0 730.0 43.0 tia nihil nobiſcum habent coniunctionis. In gratiarum actione nihil

61.0 1134.0 726.0 41.0 eſt obſcurum. Nam quemadmodum vult infidelium ſalutem com¬

62.0 1163.0 726.0 44.0 mendari Deo, ita & propter lætos eorum ac proſpe ros ſucceſſus gra¬

66.0 1192.0 722.0 45.0 tias agi. Iſta enim admirabilis Dei bonitas, quam quoridie oſtendit,

68.0 1221.0 719.0 46.0 cum Solem ſuum oriri facit ſuper bonos & malos, digna eſt quam

66 1251 721 49 laude proſequamur. Et charitas noſtra vſque ad indignos extendere

65 1285 107 60 ſe debet.

680.0 1307.0 21.0 49.0 b
