1000 1466
167.0 22.0 41.0 39.0 22

425.0 22.0 231.0 46.0 I. TIMOTH.

179 68 733 41 Sed quod tunc clanculum moliebatur Sathan, ſub Papatu ed̀ vſque

179.0 98.0 732.0 39.0 perduxit, vt vix milleſimus quiſque mediatorem Chriſtum, vel titu¬

181.0 131.0 731.0 38.0 lo tenus agnoſceret. Atque ita ſepultum erat nomen, vt res magis

182.0 156.0 730.0 41.0 eſſet ignota. Nunc poſtquam ſanos, pioſque Doctores excitauit

181.0 186.0 731.0 36.0 Deus, qui tanquam poſtliminio reuocare in hominum memoriam

179.0 214.0 733.0 39.0 ſtuduerunt, quod vnum ex notiſſimis fidei noſtræ principiis eſſe de¬

178.0 245.0 733.0 39.0 buerat: omnia excogitant Romanenſes ſophiſtæ, quibus rem clariſſi¬

178.0 276.0 733.0 35.0 mam obſcurent. Primùm ita illis nomen eſt inuiſum, vt ſi quiſpiam

179.0 304.0 732.0 40.0 Chriſti mediatoris faciat mentionem præteritis ſanctis, mox ſuſpi¬

179.0 333.0 736.0 42.0 tione grauerur hæreſeos. Quia autem repudiare in totum non au¬

180.0 363.0 737.0 40.0 dent quod hîc à Paulo docetur, inſulſo comniento eludunt: vnum

182.0 395.0 733.0 38.0 vocari, non ſolum. Quaſi vnum ex magna turba Deum nominaue¬

185.0 421.0 729.0 41.0 rit. Cohærent enim hæc duo membra: Vnum eſſe Deum, & vnum

189.0 452.0 726.0 39.0 mediatorem. Quare qui Chriſtum vnum aliquem ex multis faciunt,

189.0 482.0 727.0 38.0 idem ad Deum quoque trahant oportet. An eò prorumperent impu¬

189.0 511.0 726.0 36.0 dentiæ, niſi cæcus furor ad opprimendam Chriſti gloriam eos rapta¬

189.0 540.0 727.0 38.0 ret? Alii ſibi videntur acutiores, dum Chriſtum vnicum ſtatuunt

188.0 570.0 732.0 37.0 mediatorem redemptionis, ſanctos autem interceſſionis mediatores

186.0 600.0 733.0 40.0 nominant. Atqui horum quoque inſulſitatem coarguit loci circun¬

186.0 629.0 731.0 42.0 ſtantia quandoquidem hîc de precibus ex profe ſſo tractatur. Pro o¬

186.0 659.0 730.0 41.0 mnibus, inquam, orare Spiritus præcipit, quia vnicus noſter media¬

188.0 689.0 728.0 39.0 tor omnes ad ſe admittat: ſicuti morte ſua omnes reconciliauit Pa¬

189.0 715.0 730.0 46.0 tri. Et adhuc Chriſtiani cenſeri volunt, qui tam ſacrilega audacia

189.0 747.0 728.0 41.0 Chriſtum ſpoliant ſuo honore. Obiicitur tamen quod ſpeciem repu¬

192.0 776.0 726.0 40.0 gnantiæ habeat. Nam hoc ipſo loco Paulus iubet nos pro aliis inter¬

193.0 807.0 729.0 40.0 cedere: quod octauo ad Romanos, Chriſto quaſi proprium aſſignat.

194.0 834.0 731.0 43.0 Reſpondeo, ſanctorum interceſſores, quibus ſe mutuò iuuant apud

193.0 864.0 730.0 44.0 Deum, minimè obſtare, quominus tamen vnicum omnes interceſſo¬

189.0 895.0 732.0 44.0 rem habeant. Nemo enim vel pro ſe, vel pro alio, niſi Chriſti parroci¬

190.0 923.0 730.0 42.0 nio fretus exauditur. Quod itaque alii pro aliis intercedimus, adeo

193.0 954.0 727.0 41.0 non tollit vnicam Chriſti interceſſionem, vt inde maximè pendeat,

196.0 985.0 724.0 41.0 côque referatur. Putabit quiſpiam, nos igitur poſſe facile conciliari

196.0 1013.0 724.0 43.0 cum Papiſtis, ſi vnicæ Chriſti interceſſioni ſubiiciant, quaſcunque

196.0 1043.0 727.0 42.0 ipſi fanctis tribuunt. Non ita eſt. Nam ideo tranfferunt intercedendi

195.0 1074.0 700.0 40.0 officium ad ſanctos, quoniam aliàs deſtitui nos aduocato fingunt.

194.0 1104.0 730.0 40.0 Hoc eſt vulgare inter ipſos principium: nos patronis opus habere,

193.0 1132.0 729.0 42.0 quia indigni ſumus, qui per nos appareamus in Dei conſpectum. Ita

193.0 1162.0 730.0 40.0 loquendo, Chriſtum honore ſuo priuant. Deinde execranda eſt blaſ¬

193.0 1192.0 732.0 41.0 phemia, affingere ſanctis dignitatem, quæ nobis apud Deum grati¬

192.0 1222.0 734.0 38.0 am conciliet. A quo tani longè abſunt, tam Prophetæ omnes quàm

193.0 1252.0 734.0 40.0 Apoſtoli & Martyres, vſque ad ipſos Angelos, vt patrono ipſi quo¬

193.0 1282.0 732.0 48.0 que eodem nobiſcum opus habeant. Deinde merum eſt figmentum.

845.0 1312.0 80.0 44.0 natum
