1000 1466
349.0 1.0 157.0 55.0 CAP. II.

770.0 13.0 34.0 54.0 29

57.0 53.0 740.0 48.0 ira Dei aſſiduè verſetur ob oculos. Ergo Paulus, vt illas ſoletur,ac

58.0 87.0 742.0 44.0 ſuã illis conditionem tolerabilem reddat, ſpem ſalutis relictam eſſe

60.0 118.0 742.0 44.0 admonet, vteunque ſuſtineant pœnam temporalem. Duplex iſte con¬

61.0 148.0 740.0 45.0 ſolationis fructus notandus eſt: quòd propoſita ſalutis ſpe retinen¬

61 178 736 43 tur: ne reatus ſui commemoratione perterritæ, in deſperationem

62.0 206.0 735.0 46.0 ruant: deinde quòd aſſuefiant ad tolerandam æquis & tranquillis

62.0 237.0 731.0 43.0 animis ſeruiendi neceſſitatem, vt libenter ſe viris ſubmittant, cum

62.0 267.0 730.0 41.0 admonẽtur hoc genus obſequii &ſibi eſſe ſalutare & Deo acceptum.

63.0 295.0 732.0 43.0 Si ad operum adſtruendam iuſtitiam hic locus torqueatur, vt faciunt

67.0 324.0 741.0 47.0 Papiſtæ:ſimplex eſt ſolutio: quia hîc non diſputat Apoſtolus de cauſa

68.0 359.0 730.0 36.0 ſalutis, non poſſe nec debere ex eius verbis colligi, quid mereantut

68.0 386.0 734.0 45.0 opera: ſed tantùm oſtendi, qua nos via perducat Deus ad ſalutem cui

70.0 419.0 286.0 41.0 nos ſua gratia deſtinauit.

142.0 440.0 664.0 46.0 Per generationem.) Ridiculum hoc foret hominibus naſu¬

69.0 474.0 739.0 39.0 tis, Chriſti Apoſtolum non modò hortari mulieres ad dandam ope¬

70.0 504.0 738.0 44.0 ram procreandæ ſoboli: ſed hoc opus tanquam pium & ſanctum ita

71.0 534.0 734.0 45.0 vrgere, vt rationem eſſe dicat obtinendæ ſalutis. Quinetiam vide¬

70.0 565.0 732.0 41.0 mus, quibus probris tlorum coniugalem infamauerint hypocritæ,

70.0 592.0 730.0 39.0 qui ſanctiores videri præ aliis omnibus volebant. Sed aduerſus

69.0 620.0 732.0 46.0 ſannas impiorum facilis eſt defenſio. Primùm enim non tantùm

69.0 652.0 732.0 45.0 de gignenda prole hîc tractat Apoſtolus: ſed de perferendis moleſtiis

70.0 682.0 733.0 42.0 omnibus, quæ & duræ ſunt &multiplices tam in partu quàm in edu¬

69.0 711.0 734.0 44.0 catione liberorum. Deinde quidquid hypocritæ iudicent vel mundi

70.0 741.0 734.0 45.0 ſapientes, pluris hanc obedientiam facit Deus, cum mulier ad quid

74.0 768.0 732.0 46.0 vocata ſit reputans, impoſitæ ſibi à Deo conditioni ſe ſubiicit, nec tæ¬

75 801 720 40 dium geſtationis, nec ciborum faſtidium, nec morbos, nec difficul¬

76.0 829.0 733.0 44.0 tatem pariendi, imo potius dirum cruciatum, nec ſolicitudinem pro

74.0 857.0 735.0 47.0 fœtu, nec alia quæ ſunt officii ſui detrectat, quàm ſi hæroicis alioqui

74.0 888.0 734.0 41.0 virtutibus ſe oſtentaret, Dei interim vocationi obſequi detrectans.

74.0 917.0 732.0 46.0 Adde, quod non potuit aptior afferri conſolatio, nec efficacior, quàm

74.0 948.0 733.0 48.0 ſi rationem & medium, vt ita loquar, ſalutis conſequendæ in ipſa pœ¬

76.0 985.0 161.0 38.0 na oſtenderet.

154.0 1005.0 655.0 48.0 Si manſerint in fide.) Quia vetus interpres generatio¬

77.0 1038.0 733.0 45.0 nem liberorum poſuerat: vulgo receptum fuit, vt ad liberos referrẽt

77.0 1069.0 729.0 41.0 hoc membrum. Atqui vnica vox eſt apud Paulum, τεκνογονία.

79.0 1097.0 724.0 44.0 Proinde ad mulieres referri neceſſarium eſt. Quòd autem plurale

78.0 1126.0 723.0 41.0 verbum eſt, nomen verò ſingulare, nihil habet incommodi. Si qui¬

76.0 1156.0 724.0 39.0 dem nomen indefinitum, vbi ſcilicet de omnibus comimunis eſt ſer¬

79.0 1189.0 720.0 38.0 mo, vim collectiui habet: ideóque mutationem numeri facilè pati¬

81.0 1215.0 719.0 43.0 tur. Porrò, ne totam mulierum virtutem in coniugalibus officiis

83.0 1245.0 715.0 45.0 includeret:ideo maiora adducit. Imo tunc demum generatio gra¬

83.0 1275.0 715.0 57.0 tum eſt Deo obſequium,cum ex fide & charitate procedit. His duo¬
