1000 1466
195 50 28 31 30

462 30 234 45 I. TIMOTH.

202 75 727 40 bus adiungit ſandificationem, quæ totam vitæ puritatem continet,

200 109 730 44 dignam Chriſtianis mulieribus. Poſtremo ſequitur temperantia, cu¬

200 140 729 45 ius pauloante meminerat, de veſtitu loquens. Sed nunc eam latius

200 177 313 39 ad alias vitæ partes extendit.

436 234 246 38 CAPVT. III.

210 302 120 145 C

335 283 590 54 ERTVS ſermo: Si quis epiſcopatum

339 326 586 51 appetit, præclarum opus deſiderat. Opor¬

342 362 590 51 tet ergo epiſcopum irreprehenſibilem eſ¬

341 403 590 44 ſe, vnius vxoris maritum, ſobrium, tempe¬

205 437 725 50 rantem, compoſitum, hoſpitalem, aptum ad docen¬

205 476 727 50 dum, non vinolentum, non percuſſorem, non turpi¬

204 512 723 51 ter lucri cupidum, ſed æquum, alienum à pugnis,

201 547 726 54 alienũ ab auaritia, qui domui ſuæ bene præſit, qui

195 587 737 50 filios habeat in ſubiectione, cum omni reuerentia.

198 623 731 57 Quòd ſi quis propriæ domui præeſſe non nouit: Ec¬

197 660 734 53 Cicſiam Dei quomodo curabit? Non nouitium, ne

204 701 708 49 inflatus in condemnationem incidat Diaboli.

202 729 726 58 Oportet autem illum & bonum teſtimonium habe¬

205 772 724 57 re ab extraneis:ne in probrum incidat & laqueum

206 818 148 52 Diaboli.

277 873 648 52 Certus ſermo.) Quod Chryſoſtomus clauſulam eſſe putat

197 906 727 47 ſuperioris doctrinæ, mihi nomplacet. Solet enim Paulus hanc for¬

199 933 727 53 mulam præfando magis vſurpare. Deinde non erat illic tantæ af¬

202 965 723 53 firmationis vſus. Quod autem nunc dicturus eſt, plus habet ali¬

207 998 718 51 quantò ponderis. Sit igitur præfatio, ad notandam rei grauitatem

207 1039 91 46 habita.

289 1050 639 52 Si quis epiſcopatum.) Quoniam mulieribus interdixerat

203 1083 727 49 officium docendi ſumpta inde occaſione, nunc de epiſcopatu ipſo diſ¬

201 1113 728 53 ſerit. Primò, quò melius appareat, quàm non ſine cauſa mulieres

202 1142 727 52 admittere noluerit ad ipſum exercendum: deinde, ne ſolas mulieres

202 1172 727 52 arcendo viros omnes promiſcuè admittere videatur: tertiò quia ex¬

202 1202 729 52 pediebat, Timotheum & alios admoneri, quanta in eligendis epiſco¬

202 1232 731 53 pis religio ſeruanda eſſet. Talis ergo eſtcontextus, mea ſententia,

202 1265 732 47 acſi diceret Paulus, adeo non eſſe idontas mulieres obeundæ tantæ

201 1292 736 57 functioni, vt ne viris quidem ipſis indiſcriminatim patefieri aditum

862 1330 64 51 opor¬
