1000 1466
317.0 11.0 162.0 33.0 CAP. II.

790.0 11.0 33.0 45.0 21

70.0 48.0 744.0 44.0 ſciant cum omnibus ſibi eſſe coniunctionem, quia vnus ſit omnium

71.0 80.0 742.0 38.0 Deus: vt ſciant non in perpetuum à ſpe ſalutis excluſos, qui ſub eiuſ

71.0 111.0 742.0 40.0 dem Dei ſunt poteſtate. Idem ſibi vult quod de vno mediatore con¬

70.0 140.0 744.0 39.0 tinuò ſubiicit. Nam ſicuti vnus eſt Deus omnium creator & pater:

70.0 168.0 741.0 38.0 ita vnicum mediatorem eſſe dicit, per quem acceſſus nobis ad Deum

70.0 197.0 736.0 42.0 patet. Atque hunc mediatorem non vni tantùm genti vel paucis ho¬

70.0 227.0 733.0 43.0 minibus certæ conditionis eſſe datum, ſed omnibus. Nam ſacrificii,

71.0 257.0 731.0 41.0 quo peccata expiauit, fructum ad omnes pertinere. Particula vniuer¬

69.0 284.0 734.0 44.0 ſalis ſemper ad hominum genera referri debet non ad perſonas. Acſi¬

70.0 316.0 736.0 39.0 dixiſſet: Non ſolos Iudæos, ſed Gentiles quoque: non ſolos plebeios,

73.0 344.0 728.0 43.0 ſed etiam principes redemptos eſſe morte Chriſti. Cum itaque com¬

73.0 375.0 728.0 42.0 mune mortis ſuæ beneficium omnibus eſſe velit: iniuriam illi faci¬

74.0 406.0 568.0 41.0 unt, qui opinione ſua quempiam arcent à ſpe ſalutis.

150.0 434.0 652.0 43.0 Homo Ieſus.) Hominem dum prædicat, non negat eſſe

73.0 461.0 736.0 46.0 Deum: ſed cum vinculum notare vellet noſtræ cum Deo coniuncti¬

72.0 492.0 736.0 43.0 onis, humanæ potius naturæ meminit, quàm diuinæ. Quod ſedulo

72.0 522.0 735.0 43.0 obſeruandum eſt. Hinc enim factum eſt ab initio, vt homines ſibi hos

74.0 551.0 730.0 44.0 vel illos fingendo mediatores, longius à Deo receſſerint, quia hoc er¬

75.0 584.0 729.0 41.0 rore præoccupati, Deum procul abeſſe, quo ſe verterent neſciebant.

71.0 609.0 730.0 46.0 Huic malo Paulus medetur, cum nobis Deum quaſi præſentem ſiſtit:

70.0 640.0 733.0 45.0 quia ad nos vſque deſcendit, ne ſupra nubes quærendus eſſet. Idem

70.0 670.0 729.0 44.0 ergo hîc dicitur, quod quarto ad Hebræos capite: Non habemus Pon¬

70.0 702.0 729.0 39.0 tificeni, qui compati infirmitatibus noſtris nequeat: cum tentatus

71.0 728.0 729.0 44.0 fuerit per omnia. Et ſanè ſi id omnium animis inſideret: porrigi no¬

71.0 759.0 730.0 39.0 bis fraternam manum à filio Dei, & naturæ ſocietate nobis coniun¬

74.0 787.0 730.0 45.0 ctum, vt nos ex hac noſtra tam abiecta conditione in cœlum vſque

77.0 816.0 730.0 44.0 attollat, quis non rectâ hanc viam tenere mallet, quàm in deuiis ſa¬

74.0 847.0 736.0 43.0 lebris vagari? Proinde quoties orandus eſt Deus, ſi in mentem venit

71.0 874.0 735.0 47.0 ſublimis illa & inacceſſa maieſtas: ne eius formidine abſterreamur, ſi¬

72.0 905.0 733.0 43.0 mul occurrat etiam homo Chriſtus qui comiter nos inuitat, nósque

74.0 934.0 730.0 46.0 veluti manu prehenſat, qui Patrem ex formidabili ac tremendo pro¬

73.0 965.0 736.0 45.0 pitium & facilem nobis reddat. Hæc ſola clauis eſt, qua nobis ianua

74.0 994.0 733.0 46.0 cœleſtis Regni reſeratur, vt appareamus cum fiducia in Dei conſpe¬

73.0 1023.0 734.0 47.0 ctum. Proinde etiam videmus Sathanam omnibus ſeculis hunc lapi¬

73.0 1055.0 730.0 43.0 dem voluiſſe, vt inde homines auerteret. Omitto quàm variis arti¬

73.0 1083.0 731.0 45.0 bus, ante Chriſti aduentum, diſtraxerit hominum mentes, ad media

74.0 1111.0 728.0 47.0 comminiſcenda, quibus ad Deum peruenirent. Iam ab Eccleſiæ Chri¬

74.0 1143.0 727.0 45.0 ſtianæ exordio, cum nuper apparuiſſet Chriſtus cum tam præclaro

76.0 1174.0 722.0 44.0 pignore: & adhuc in terris ex eius ore ſuauiſſima illa vox propemo¬

76.0 1202.0 725.0 42.0 dum reſonaret: Venite ad me omnes, & c.erant tamen quidam fallen¬

78.0 1230.0 723.0 47.0 di artifices, qui Angelos pro mediatoribus obtruderent ipſius loco:

78 1260 724 56 quemadmodum ex Epiſtola ad Coloſſenſes colligere promptum eſt.

661 1296 60 51 b 3
