1000 1466
325.0 0.0 159.0 44.0 CAP. II.

775 18 35 34 25

63.0 47.0 745.0 44.0 Apoſtolum meminit, vt eodem redemptionis beneficio promiſcuè

64.0 80.0 743.0 35.0 cum Iudæis fruerentur: omnes pariter ad orandum inuitat. Fides

66.0 109.0 740.0 41.0 enim inuocationem parit. Vndè & ad Romanos 15. Gentium vo¬

65.0 140.0 739.0 39.0 cationem probat iſtis teſtimoniis: Exultent Gentes cum populo

66.0 167.0 738.0 37.0 eius. Item: Omnes Gentes laudate Dominum. Item Confitebor tibi

65.0 195.0 737.0 44.0 inter Gentes. Valet enim reciprocum argumentum à fide ad in¬

67.0 227.0 734.0 40.0 uocationem, & ab inuocatione ad fidem: tanquam à cauſa ad effe¬

67.0 255.0 733.0 43.0 ctum, & ab effectu ad cauſam. Quod obſeruatione dignum eſt: quia

68.0 285.0 731.0 43.0 inde admonemur, Deum ſe nobis patefacere verbo ſuo, vt à nobis in

69.0 316.0 730.0 41.0 uocetur: & hoc præcipuum eſſe exercitium fidei. Quare particula,

70.0 350.0 733.0 32.0 in omni loco, peræque hîc valet, atque initio prioris ad Corinthios: vt

71.0 375.0 732.0 37.0 nullum ſit iam diſcrimen inter Gentilem & Iudæum, inter Græcum

71.0 407.0 603.0 39.0 & Barbarum: quia Deus communis eſt omnium Pater.

148.0 434.0 661.0 35.0 suſtollentes puras manus.) Acſi diceret: modò adſit bona

72.0 465.0 738.0 35.0 conſcientia, nihil obſtare, quominus vbique inuocent Deum omnes

72.0 495.0 740.0 39.0 Gentes. Sed rei loco ſignum poſuit. Nam puræ manus ſunt puri

72.0 524.0 738.0 37.0 cordis indices. Quemadmodum econuerſo Ieſaias exprobrat Iu¬

73.0 553.0 734.0 40.0 dæis, quòd manus ad Deum ſanguinolentas extollant, dum inuehi¬

74.0 583.0 730.0 39.0 tur in eorum crudelitatem. Porrô ceremonia hæc vſitata fuit om¬

74.0 611.0 729.0 39.0 nibus ſeculis: quia natura hic nobis ingenitus eſt ſenſus, cum Deum

73.0 642.0 730.0 41.0 quærimus, ſurſum aſpicere. Adeóque ſemper valuit, vt ipſi quoque

72.0 671.0 730.0 38.0 idololatræ, cum alioqui Deum affigerent ligneis & lapideis ſimula¬

72.0 702.0 734.0 40.0 cris, morem tamen in cœlum tollendi manus retinerent. Diſcamus

74.0 732.0 731.0 40.0 ergo, ceremoniam eſſe veræ pietati congruentem, modò reſpondeat,

76.0 761.0 730.0 40.0 quæ per eam figuratur veritas. Nempe, vt admoniti Dumin cælo

80.0 790.0 728.0 41.0 quærendum eſſe, primùm de ipſo terrenum vel carnale nihil imagi¬

80 818 721 40 nemur deinde exuamus aftectus carnales, ne quid impediat, quomi¬

82.0 850.0 729.0 35.0 nus animi noſtri ſupra mundum aſſurgant. Idololatræ verò & hy¬

78.0 878.0 732.0 41.0 pocritæ, manus inter oranduni attollendo, ſimiæ ſunt: quia dum ex¬

78.0 908.0 731.0 38.0 terno ſymbolo profitentur, ſe mentes ſurſum habere erectas, priores

79.0 938.0 730.0 43.0 in ligno & lapide hærent, quaſi illic incluſus eſſet Deus: ſecundi aut

79.0 969.0 718.0 40.0 inanibus curis, aut prauis cogitationibus impliciti in terra iacent.

82 996 634 42 Proinde contrario geſtu teſtimonium aduerſum ſe ferunt.

152.0 1027.0 658.0 40.0 Abſque ira.) Nonnulli fremitum indignationis exponunt,

80.0 1060.0 729.0 33.0 dum ſecum tumultuatur conſcientia, & quaſi cum Deo expoſtulat.

83.0 1088.0 723.0 35.0 Quod acidere ſolet, cum res aduerſæ grauius nos premunt. Tunc

83.0 1121.0 722.0 33.0 enim ægreferimus, non ſtatim Deum nobis ſuccurrere, &impatien¬

82.0 1147.0 721.0 38.0 tia turbamur. Concutitur etiam fides variis inſultibus. Nam quia

82.0 1178.0 721.0 35.0 non apparet eius auxilium, obrepunt nobis dubitationes, an curam

85.0 1207.0 718.0 33.0 noſtri habeat, an ſaluos velit nec ne: & ſimiles. Talem conſterna¬

87.0 1237.0 717.0 35.0 tionem hæſitantis animi diſceptationis voce notari putant. Ita

84.0 1265.0 719.0 47.0 ſecundùm eos ſenſus eſſet: pacata conſcientia & intrepida fiducia

652 1301 24 42 b

710.0 1299.0 6.0 52.0 5
