1000 1547
381 97 499 61 COMMENT. IN I. EPIST.

312.0 151.0 662.0 63.0 nunc erroris memor ſequatur uiri pietatem & reſur¬

313.0 201.0 665.0 59.0 gat in pia obedientia. Non enim hæc dicuntur in con¬

312.0 243.0 663.0 57.0 tumeliam omnium mulierum, ne ideo excluduntur

312.0 285.0 665.0 61.0 à conſortio ſanctorum, nec quiſquam putet ſibi ideo

313.0 331.0 666.0 57.0 in iſtas licere quidlibet. Imo cum muliercularum ge¬

313.0 371.0 666.0 62.0 nus aliâs ſit timidulum, ne in deſperationem prorſus

313.0 417.0 667.0 59.0 præceps rueret, addit nunc conſolationem, dicens, Sal¬

313.0 461.0 667.0 55.0 ua tamen fiet per generationem liberorum &c. Atqui

313.0 505.0 662.0 51.0 certum est ſalutem non deberi ullis meritis noſtris,

313.0 550.0 666.0 49.0 tantum abeſt ut debeatur procreationi liberorum. So¬

316.0 591.0 660.0 54.0 la enim dei gratia per Chriſtum ſaluamur. Abutitur

314.0 639.0 666.0 51.0 ergo ſaluandi uerbo pro reparandi, quemadmodum et

315.0 682.0 665.0 51.0 Germanis mos est uſurpare uerbum heylen für wi¬

315.0 720.0 665.0 58.0 derbzingen vnd erſetzen. Quaſi dicat, Audiſtis

316.0 764.0 665.0 58.0 quantam muliebris ſexus ſibi inuſſerit maculam, ſed

315.0 809.0 666.0 54.0 ea eluetur ſi non deſit ſuo officio. Officium autem mu¬

315.0 856.0 665.0 51.0 lierum est liberos gignere, labores & dolores quos

316.0 896.0 663.0 55.0 ſecum trahit partus & educatio liberorum pacienter

314.0 941.0 667.0 51.0 tolerare, liberis omnem operam & diligentiam im¬

317.0 982.0 663.0 57.0 pendere, fidem item cum erga deum tũ maritum ſer¬

316.0 1027.0 662.0 53.0 uare, utrum diligere ex animo. Sic autẽ fiet ut excuſ

318.0 1070.0 661.0 54.0 ſa omni ſuperſtitione cui tamen hoc genus maxime ob

317.0 1112.0 664.0 54.0 noxiũ est uere & indiuulſe uera fide Deo et Chriſto

316.0 1157.0 665.0 51.0 adhæreant, fidem quo coniugalẽ non uiolent, deum

314.0 1200.0 668.0 52.0 item ante omnia, mox maritos diligant quemadmo¬

315.0 1238.0 666.0 64.0 dum eccleſia ſolet diligere Chriſtũ ſponſum ſuũ. Huc

896.0 1286.0 84.0 58.0 perti¬

189 617 96 49 Gene.3.
