1000 1547
381.0 96.0 478.0 57.0 COMMENT. IN I. EPIST.

294.0 152.0 665.0 59.0 gradibus Graduale appellari cœpit. Hic uero magna

294.0 198.0 663.0 56.0 cum authoritate prælegebat euangelium epiſcopus,

296.0 242.0 663.0 53.0 deinde uero interpretabatur. Ad finem contionis ſa¬

298.0 285.0 660.0 55.0 cræ recitabat ſymbolum quod apoſtolorum uocant

297.0 330.0 665.0 49.0 uel Nicenum uel Secundo conditum. Præterea totam

296.0 372.0 667.0 56.0 eccleſiam inuitabat ad miſericordiam, ut quilibet pro

299.0 415.0 665.0 58.0 ſuis facultatibus aliquid in ærarium conferret paupe¬

298.0 459.0 666.0 54.0 rum: eam ſacri portionem nuncupabant Offertoriũ.

298.0 502.0 668.0 54.0 Et Pontius Paulinus docet menſam in eccleſia poni

300.0 547.0 664.0 55.0 ſolitam pro pauperibus cibo reficiendis quam & do¬

300.0 590.0 666.0 53.0 mini menſam uocat, et à domino poſitam. Hac inquam

301.0 632.0 666.0 55.0 ratione hiſce ceremonijs & ritibus exercebant pre¬

301.0 676.0 666.0 55.0 ces & doctrinam ſanam ueteres. Attamen hic ritus

302.0 721.0 667.0 52.0 non per omnia omnibus erat communis. Quidam e¬

303.0 760.0 666.0 58.0 nim ſacrum cœtum non à Pſalmis auſpicabantur, ſed

302.0 807.0 667.0 51.0 ab acclamatione κύριε ελέησον. Idem non habebant

305.0 849.0 665.0 55.0 inuſu uel Hymnum angelicum, uel collectas, uel car¬

305.0 892.0 666.0 55.0 men graduale. Huic rurſus alij ſuccinebant Hebræo¬

305.0 935.0 665.0 55.0 rum Alleluiah ut alibi indicat Hieronymus. Apud

306.0 979.0 665.0 55.0 quoſdam epiſcopus ipſe ſine iſtis omnibus ſacra con¬

306.0 1025.0 664.0 50.0 tione & adiectis publicis precibus conuentum & in

306.0 1066.0 664.0 54.0 cipiebat & dimittebat. Nulla uero eccleſia cogeba¬

307.0 1111.0 664.0 51.0 tur in alterius ritus & inftituta iurare, dummodo pre

308.0 1152.0 666.0 55.0 ces & ſacræ contiones ſaluæ eſſent, ſancte́ exerce¬

310.0 1198.0 664.0 51.0 rentur. Et optimæ perpetuo quàm paucißimis conten

314 1241 649 61 tæ potißimas impenderunt doctrinæ & precibus. Por

931.0 1284.0 38.0 66.0 rò
