1000 1547
363 90 498 58 COMMENT. IN I. EPIST.

286.0 144.0 666.0 58.0 Poſt iſta autẽ uerba ſubijciebat ſacerdos, Qui pridie

287.0 191.0 666.0 58.0 quàm pateretur accepit panem, gratias egit, fregit, de

285.0 233.0 668.0 58.0 dit́ diſcipulis ſuis, dicens, Accipite edite, Hoc eſt cor¬

287.0 279.0 667.0 58.0 pus meum quod pro uobis datur. Et reliqua quæ legun¬

288.0 324.0 663.0 54.0 tur in euangelio. His magna cum religione peractis,

288.0 367.0 666.0 54.0 dicebatur oratio Dominica. Id quod Hieronymus quo

288.0 409.0 666.0 56.0 que teſtatur lib. aduerſus Pelagianos3. Sed & uulgo

289.0 453.0 668.0 54.0 receptum est Apoſtolos tantum ad orationis domini¬

290.0 497.0 664.0 55.0 cæ preces conſecraſſe, hoc eſt celebraſſe cœnam my¬

290.0 540.0 666.0 55.0 ſticam. Poſt orationem dominicam ſacra myſteria per

288.0 584.0 665.0 56.0 cipiebat populus, communione́ ſacramentorum cor

288.0 628.0 670.0 54.0 poris & ſanguinis dominici in unum corpus coaleſce¬

288.0 670.0 669.0 56.0 bat eccleſiaſticum cuius caput Chriſtus est. Cæterum

288.0 714.0 668.0 51.0 rite ad hunc modum peractis omnibus dimittebatur

287.0 758.0 670.0 53.0 cœtus. Ex his autem omnibus facile colligit Lector nõ

287.0 800.0 670.0 57.0 omnino ſtupidus unde abuſus Miſſæ papiſticæ fluxe¬

286.0 843.0 676.0 58.0 rit, & quàm nihil hodie antiquæ pietatis in hac niſi

288.0 886.0 668.0 60.0 profunda obſoletaq́ propè nominum ueſtigia cernere

288.0 931.0 669.0 56.0 liceat. Canonis cuius initium est, Te igitur clementißi

288.0 974.0 668.0 54.0 me pater, hactenus nullã feci mentionem eò quod cer¬

288.0 1017.0 669.0 57.0 tum ſit hunc ſero tandem receptum eſſe à quibuſdam

288.0 1062.0 670.0 53.0 eccleſijs. Et proculdubio melius hodie haberet cœtus

288.0 1106.0 669.0 55.0 eccleſiaſticus ſi nunquam fuiſſet receptus. Verum non

288.0 1149.0 669.0 54.0 est inſtitutum noſtrum de his in præſentiarum agere

291.0 1192.0 666.0 55.0 prolixius, cum quædam & in epiſto. ad Hebr. annota¬

290.0 1234.0 669.0 70.0 rim. Hæc in hunc finem hunc in locum annotare libuit

922.0 1280.0 36.0 50.0 ut
