1000 1547
382 95 487 54 COMMENT. IN I. EPIST.

299.0 150.0 664.0 55.0 in faſciculo collecta apud Anglorum mentes in con¬

300.0 195.0 663.0 55.0 ſuetudinem depone. Hæc Gregorius. Ea non profero

300.0 240.0 661.0 54.0 quod præcipue ijs innitar ſed ut collatione iſtorũ &

301.0 284.0 665.0 55.0 noſtrorum temporum euincam quàm iniquis conditio

300.0 328.0 667.0 53.0 nibus hodie nobiſcum agatur, & quod contra uetus

300.0 369.0 669.0 55.0 exemplum ritus nobis obtruditur qui non modo nihil

300.0 415.0 669.0 52.0 utilitatis & pietatis habet ſed impietatis & ſuperſti¬

300.0 462.0 670.0 51.0 tionis plurimum. Neglecta igitur improbitate & con

300.0 502.0 669.0 53.0 uitijs aduerſariorum teneamus obſecro ea in cœtu ſan¬

301.0 545.0 669.0 53.0 ctorum ſine quibus ſanctimonia non perficitur, nem¬

302.0 590.0 670.0 55.0 pe doctrinam ſanam, & preces puras aßiduas́, de

301.0 633.0 666.0 53.0 doctrina ſana diſputatum hactenus, de precibus quoq

303.0 674.0 668.0 59.0 ſacris cum aliâs ſæpe dictum ſit præſentia Pauli uer¬

304.0 719.0 668.0 55.0 ba perſtringemus modo. Primum & ante omnia iubet

305.0 761.0 665.0 58.0 fieri preces, hoc ipſo oſtendens precibus ſacris nil per

306.0 805.0 665.0 57.0 inde neceſſarium & utile eſſe. Præterea tempus deſi¬

304 846 667 60 gnat commodum, ut ſcilicet ipſo ſtatim diluculo con¬

304.0 897.0 659.0 50.0 ueniant & communes ad Deum profundant preces.

305.0 936.0 665.0 53.0 Plinius certè in epiſtola quadam ad Traianum Impe¬

305.0 980.0 667.0 54.0 ratorem quæ extat lib. epiſto. Plinij 10. meminit moris

307.0 1024.0 667.0 55.0 fuiſſe Chriſtianis ut ſtato die ante lucem conuenirent

306.0 1065.0 668.0 56.0 carmen́ Chriſto deo dicerent ſecum inuicem, ſeq́ ſa¬

306.0 1110.0 668.0 53.0 cramento aliquo non in ſcelus aliquod obſtringerent

309.0 1154.0 666.0 53.0 ſed ne furta latrocinia & adulteria committerent. Et

312.0 1197.0 662.0 50.0 Tertullianus conuentus Chriſtianorum nõ ſemel ante

310.0 1239.0 665.0 67.0 lucanos cœtus appellat. Quanquam hic nullam ſtatua¬

915 1288 61 54 mus

171 825 121 53 Anteluca¬

171 868 116 49 ni cœtus.
