1000 1547
407 114 454 49 COMMENT. IN I. EPIST.

294.0 155.0 664.0 72.0 nem ueritatis uenire. Alterum quod dubitandum non

294.0 201.0 663.0 68.0 est ad ipſam cognitionem ueritatis & perceptionem

293.0 245.0 666.0 71.0 ſalutis non ſuis quenquam meritis ſed ope atq opera

292.0 289.0 667.0 65.0 diuinæ gratiæ peruenire. Tertium quod confitendum

293.0 330.0 665.0 66.0 est Altitudinem iudiciorum dei humanæ intelligentiæ

294.0 373.0 665.0 72.0 penetrabilem eſſe non poſſe, & cur non omnes ſaluet

294.0 417.0 665.0 71.0 qui omnes uult ſaluos fieri nõ oportere diſquiri. Quo

294.0 462.0 669.0 67.0 niam ſi quod cognoſci non poteſt non quæratur inter

296.0 507.0 667.0 65.0 primam & ſecundam definitionem nõ remanebit cau

296.0 550.0 667.0 67.0 ſa certaminis, ſed ſecura ac tranquilla fide utrũq; præ

297.0 595.0 668.0 65.0 dicabitur utrum credetur. Deus quippe apud quem

298.0 635.0 668.0 65.0 non est iniquitas & cuius uniuerſæ uiæ miſericordia

300.0 680.0 665.0 67.0 & ueritas omnium hominum bonus conditor iuſtus

299.0 722.0 667.0 62.0 est ordinator, neminem indebite damnans neminem in

300.0 766.0 669.0 62.0 debite liberans, noſtra plectens cum punit noxios, ſua

301.0 812.0 668.0 64.0 tribuens cum facit iuſtos ut obſtruatur os loquentium

301.0 853.0 667.0 64.0 iniqua & iuſtificetur Deus in ſermonibus ſuis & uin¬

301.0 899.0 668.0 58.0 cat cum iudicatur. Nec damnati iuſta quære monia nec

301.0 941.0 672.0 64.0 iuſtificati uerax est arrogantia, ſi uel ille dicat nõ me¬

302.0 984.0 668.0 64.0 ruiſſe ſe pœnam uel iſte aſſerat meruiſſe ſe gratiam.

303.0 1030.0 668.0 61.0 Congruunt his Ambroſianis Auguſtiniana quæ le¬

304.0 1074.0 668.0 60.0 guntur lib. de Bono perſeuerantiæ cap.19. Hic tamen

303.0 1113.0 668.0 64.0 non negarim rationem commodiorem inueniri poſſe

303.0 1159.0 671.0 62.0 qua hic nodus diſſoluatur. Neq; hoc dißimulat Aurel.

303.0 1202.0 669.0 63.0 Auguſt. cuius uerba quod mire huc faciant ex 53. Tra

303.0 1246.0 668.0 72.0 cta. in Ioannem nunc aſcribo. Si quis iſtam quæſionem

882.0 1289.0 89.0 58.0 inquit
