1000 1547
383 113 457 50 COMMENT. IN I. EPIST.

286.0 152.0 664.0 69.0 est, ut qui gloriatur non in ſeipſo ſed in domino glorie¬

287.0 200.0 663.0 63.0 tur. Hactenus Auguſtini uerba recenſui. Ex quibus o¬

287.0 240.0 666.0 69.0 mnibus liquet quod bonam illam dei uoluntatẽ atti¬

288.0 283.0 668.0 71.0 net ipſum quidem uelle cunctos homines ſaluos fieri

291.0 330.0 665.0 64.0 & ad agnitionem ueritatis uenire, & proinde quod

290.0 374.0 664.0 64.0 alij ueniunt non eſſe humani meriti ſed diuinæ uolun¬

291.0 419.0 665.0 61.0 tatis & gratiæ, quod uero alij non ueniunt humanæ

292.0 458.0 664.0 68.0 malitie & corruptionis. Salus igitur & iuſtificatio

292.0 502.0 662.0 66.0 nõ erit ne uolentis ne currentis ſed miſerentis dei,

292.0 552.0 667.0 59.0 credent́ quotquot ordinati ſunt ad uitam æternam.

292.0 591.0 666.0 63.0 Sunt autem ad æternamuitam ordinati quicunq; in

293.0 635.0 666.0 62.0 Chriſtum credunt. Deus enim omnia agit lege certa et

294.0 678.0 667.0 63.0 ordine iuſto. Elegit nos antequàm iacerentur funda¬

293.0 721.0 665.0 62.0 menta mundi, ſed in Chriſto & ad ſanctimoniã. lta

296.0 766.0 660.0 58.0 qui Chriſto fidunt & ſtudent ſanctimoniæ electi &

296.0 809.0 666.0 57.0 ad uitam ordinati ſunt. Electio enim dei à uoluntate

296.0 853.0 667.0 58.0 non est ſeparanda ne ſola præter ordinem & con¬

297.0 896.0 666.0 56.0 tra media est iactanda. Petrus enim electis ſcribit dei

298.0 939.0 665.0 62.0 ſecundum præfinitionem dei patris per ſanctificatio¬

300.0 984.0 663.0 60.0 nem ſpiritus in obedientiam et aſperſionem ſanguinis

300.0 1028.0 663.0 60.0 Ieſu Chriſti. Et Paulus, Quos inquit præſciuit Deus

300.0 1071.0 660.0 58.0 eos et præfiniuit ut conformes fiant imagini filij eius,

300.0 1116.0 667.0 58.0 &c. lam cum conſtet non omnes conformes fieri ima¬

301.0 1158.0 664.0 60.0 gini filij eius, colligunt alij non omnes ad uitam eſſe

301.0 1202.0 666.0 57.0 præſcitos, proinde tropo hunc Pauli locum exponunt

300.0 1246.0 661.0 66.0 Deum uelle omnes credentes ſaluos facere. Quod &

890.0 1288.0 75.0 57.0 apud
