1000 1547
223 103 324 43 AD TIM. CAP II.

642.0 95.0 62.0 52.0 121

36.0 146.0 669.0 57.0 uinæ legis ſubijcit apoſtolus ne quis muliercularum

36.0 193.0 668.0 51.0 cauſam agens quereretur iſtam ex audacia & libidi¬

36.0 237.0 669.0 51.0 ne uirorum eſſe promulgatam. Prior cauſa est, Adam

36.0 281.0 669.0 50.0 prior formatus est deinde Eua, adeo́ ex uiro formata

34.0 324.0 670.0 51.0 eſt fœmina, adde quod in adiutorium uiri à Deo con¬

33.0 367.0 670.0 54.0 dita, ut portio uerius uiri ſit quàm caput:non è capite

34.0 411.0 668.0 50.0 ſed latere uiri ſumpta. Poſterior cauſa est, Adam non

32.0 453.0 667.0 53.0 fuit deceptus ſed mulier ſeducta fuit. Vir enim ne

33.0 498.0 670.0 52.0 ſerpentis promißionibus, ne pomi illecebra decipi

34.0 542.0 668.0 51.0 potuiſſet: ſola charitas uxoris pertraxit ad pernitio¬

32.0 586.0 669.0 51.0 ſum obſequium. Deni Adam homo à quo nihil hu¬

30.0 629.0 672.0 49.0 mani alienum non ſaxum rigidum erat, ut nihil dicãt

33.0 671.0 668.0 54.0 qui obijciunt uirum debuiſſe conſtantiorem fuiſſe

31.0 715.0 668.0 55.0 quàm quem illecebræ fregiſſent uxoris. Fons ergo

31.0 761.0 671.0 46.0 præuaricationis à fœmina exiſtit. Hinc non temere ad

30.0 803.0 669.0 49.0 mulierem Tertullianus de habitu muliebri, Tu inquit

30.0 848.0 670.0 44.0 es diaboli ianua, tu es arboris illius reſignatrix, tu es

31.0 889.0 670.0 52.0 diuinæ legis prima deſertrix, tu es quæ eum ſuaſiſti

30.0 935.0 670.0 49.0 quem diabolus aggredi non ualuit, tu imaginem dei ho¬

31.0 978.0 670.0 47.0 minem tam facile eliſiſti, propter tuum meritum id est

30.0 1020.0 669.0 50.0 mortem etiam filius dei mori habuit &c. Quando er¬

33.0 1066.0 667.0 46.0 go magiſterium Euæ non uni Adæ ſed toti mortalium

33.0 1107.0 668.0 54.0 generi ſemel ceßit peßime, ſubeſſe poſthac & iure ad

32.0 1155.0 668.0 46.0 uirum reſpicere iubetur mulier quælibet. Agnoſcat

31.0 1192.0 670.0 54.0 imbecillitatem & lapſum ueterem, ac ſatis habeat

36.0 1241.0 664.0 61.0 quod quæ olim fuit dux ad impietatem & ruinam

543 1295 27 71 q
