1000 1547
225 99 328 46 AD TIM. CAP. II.

657.0 103.0 61.0 49.0 119

52.0 145.0 668.0 57.0 omnes ſemper pro omnibus. Et paulò poſt, Offerimus

51.0 193.0 669.0 51.0 deo opimam hoſtiam orationem de carne pudica, de a¬

51.0 236.0 669.0 53.0 nima innocenti, de ſpiritu ſancto profectam. Hæc imi¬

50.0 279.0 668.0 54.0 temur obſecro qui hodie Chriſtiani uideri uolumus

51.0 325.0 668.0 48.0 & inuicem batalogia laceßimus. Non enim in uerbo¬

49.0 369.0 670.0 50.0 rum copia non in numero, ſed in pietate et fide in aßi

51.0 426.0 670.0 38.0 duitate & charitate conſiſtit efficatia & uirtus o¬

49.0 459.0 122.0 47.0 rationis.

118.0 498.0 600.0 62.0 Conſimiliter & mulieres in a¬

49.0 555.0 672.0 60.0 mictu modeſto cum uerecundia et

50.0 611.0 669.0 60.0 caſtitate ornantes ſemetipſas, non

50.0 668.0 670.0 58.0 tortis crinibus, aut auro, aut mar¬

52.0 717.0 669.0 65.0 garitis aut ueſtitu ſumptuoſo, ſed

50.0 774.0 668.0 62.0 quod decet mulieres profitentes

56.0 834.0 504.0 54.0 pietatem per opera bona.

92 895 620 51 Nihil in hunc locum adfertur à receptis interpre¬

47 933 665 53 tibus quod non in breuem ſummam contraxerit Pa¬

46 977 666 54 raphraſtes, nec quicquam dici poteſt neceſſariũ quod

50.0 1024.0 673.0 52.0 idem non ſit hiſce uerbis complexus, quæ hic malui a¬

51.0 1068.0 673.0 52.0 ſcribere quàm poſt planam illam expoſitionem pro¬

51.0 1112.0 672.0 52.0 lixius cornicari. Ad exemplum uirorum inquit pre¬

51.0 1155.0 670.0 51.0 centur & mulieres. Si quid est in animo muliebrium

52.0 1199.0 671.0 52.0 affectuum id prius eijciant, pro ludaicis purgationi¬

52.0 1243.0 671.0 58.0 bus morum innocentiam adferentes, ad hanc uicti¬

720 892 123 45 Mulierum

721 930 131 32 ornatus &

722 953 129 40 habitus in

722 981 128 54 cœtu ſacro.
