1000 1547
371 81 488 58 COMMENT. IN I. EPIST.

287.0 135.0 663.0 61.0 nim eredit habet uitam æternam, qui non credit dam¬

288.0 183.0 662.0 54.0 nabitur. Hoc quidem ab æterno præuidit Deus, uo¬

288.0 226.0 659.0 55.0 luit autem prædicari ſuis temporibus. De quibus &

289.0 268.0 664.0 58.0 prophetæ, & Petrus 2. Pet. 2.Et Paulũ delegit ut omni¬

288.0 311.0 664.0 59.0 bus prædicaret ſalutem. Id uero iuramenti quadam ſpe¬

289.0 354.0 661.0 58.0 cie confirmans addit, Veritatem dico per Chriſtum,

289.0 398.0 667.0 58.0 non mentior quod Deus uidelicet me delegit ut ſim Do¬

290.0 442.0 665.0 58.0 ctor omnium gentiũ, ut omnibus annuntiem gratiam

295 486 650 60 euangelicam, idq́ fideliter & uere. Hæc uero eximia

291.0 536.0 194.0 54.0 Pauli laus est.

367.0 605.0 587.0 66.0 Volo igitur orare uiros in o¬

298 661 658 58 mni loco, ſuſtollentes puras ma¬

301 706 657 67 nus abſ iracũdia & diſceptatione.

331 796 625 47 Redit ad preces unde paulò ante fuerat digreſſus,

299 827 661 67 tollit́ loci ſuperſtitionem & oſtendit qualis debeat

299 871 663 66 eſſe oratio. Quaſi dicat, Quod iubeo cõuenire in cœ¬

299 914 662 60 tum at́ in hoc publicas profundere preces non est

299 960 663 63 quod inde quis colligat preces nullibi quàm in conuen¬

299 1002 664 68 tu efficaces eſſe, imò uolo orare uiros in omni loco u¬

299 1045 663 63 bicun res poſtulat. Omnis enim locus purus est ſi a¬

299 1093 664 60 nimus non ſit impurus. Et oratio ex mente non ex loco

299 1133 664 64 eſtimatur. Legitur Chriſtus ſæpius in precibus perno¬

300.0 1180.0 666.0 57.0 ctaſſe ſanè non in templo, frequentius orauit in mon¬

299.0 1221.0 664.0 75.0 te. Tollitur ergo hiſce Pauli uerbis loci ſuperſtitio, ut

923 1291 30 36 &

160 786 129 48 De oratio¬

163.0 827.0 105.0 44.0 nis loco.
