1000 1547
379 94 467 56 COMMENT. IN I. EPIST.

284.0 145.0 665.0 62.0 ceſſate malefacere. Apud Ieremiam in cap.n.dicit do¬

288.0 194.0 663.0 56.0 minus, in ſingulis ciuitatibus & plateis poſuerunt a¬

287.0 238.0 663.0 56.0 ras ad offerendum Baal. Tu igitur noli orare pro po¬

288.0 281.0 662.0 58.0 pulo hoc, quoniam ego non exaudiam. Huc pertinet

288.0 324.0 661.0 58.0 quod Paulus adiungit χωρις ὀργῆς καί διαλογισ¬

288.0 366.0 662.0 60.0 μoῦ ſine ira & hæſitatione ſiue diſceptatione. Poſtre¬

288.0 409.0 663.0 59.0 mum illud referunt quidam ad fidutiam inconſtantio

287.0 454.0 665.0 58.0 rem & uacillantem, ut hic locus congruat cum illo 14

287.0 497.0 665.0 59.0 cobi, Poſtulet cum fidutia nihil hæſitans, &c. Alij re¬

287.0 542.0 665.0 57.0 tulerunt ad animum implicatiorem odio inuidia́ ui¬

287.0 585.0 666.0 57.0 tiatum. Certè congruũt huc quæ dominus apud Mat¬

287.0 629.0 666.0 55.0 thæum hiſce uerbis docuit. Si obtuleris munus tuũ ad

288.0 672.0 664.0 57.0 aram, & ibi recordatus fueris quod tibi cum fratre

288.0 717.0 665.0 56.0 male conuenit, relinque munus, abi & reconciliare

288.0 760.0 667.0 54.0 fratri tuo. Munus noſtrum oratio est. Pura enim prece

288.0 802.0 666.0 57.0 uult ſibi litari dominus. Ara autem noſtra cor noſtrum

288.0 848.0 666.0 55.0 est. Si igitur conſtituamus apud nos precari, tollamus

289.0 891.0 666.0 56.0 prius ex animo quicquid inuidiæ & malitiæ contra

289.0 935.0 666.0 56.0 fratrem concepimus, ut ex pura bonaq́; conſcientia

290.0 978.0 665.0 54.0 dicere queamus, Dimitte nobis peccata uoſtra ſicut et

289.0 1022.0 667.0 53.0 nos remittimus debitoribus noſtris. Tertullianus in 3o.

290.0 1063.0 667.0 58.0 cap. Apolog. deſcribens exteriori quo orantium ha¬

291.0 1108.0 666.0 55.0 bitu mentis iuſtam compoſitionem. Ad cœlum inquit

293.0 1151.0 664.0 59.0 ſufpicientes Chriſtiani manibus expanſis, quia inno¬

292.0 1195.0 663.0 58.0 cuis, capite nudo, quia non erubeſcimus, deniq ſine

294.0 1239.0 663.0 68.0 monitore, quia de pectore oramus precantes ſumus

868.0 1285.0 89.0 53.0 omes
