1000 1547
216 108 328 47 AD TIM. CAP. II.

672.0 98.0 63.0 64.0 112

29.0 152.0 673.0 55.0 tes. Hæc uis deo grata est. Oramus etiam pro impera¬

29.0 201.0 673.0 53.0 toribus pro miniſtris eorum ac poteſtatibus, pro ſta¬

29.0 245.0 672.0 50.0 tu ſæculi, pro rerum quiete, pro mora finis. Item3o.ca

28.0 289.0 671.0 51.0 pite eiuſdem libri, Oramus ſemper pro omnibus impe¬

24.0 330.0 675.0 53.0 ratoribus, uitã illis prolixam, imperium ſecurum, do¬

24.0 376.0 674.0 52.0 mum tutam, exercitus fortes, ſenatum fidelem, popu¬

23.0 420.0 676.0 52.0 lum probum, orbem quietum, & quæcun hominis

24.0 464.0 675.0 50.0 & Cæſaris uota ſunt. Sed & ipſe Paulus quid oremus

24.0 504.0 675.0 58.0 ſignificautißime adijciens ait, Vt placidam ſiue tran¬

22.0 554.0 677.0 46.0 quillam ac quietam uitam degamus: non equidem in

22.0 594.0 677.0 53.0 uoluptatibus & impuritate ſed in omni pietate ſiue ue¬

23.0 642.0 677.0 50.0 ro dei cultu genuinaq́ religione in iuſtitia καί σεμνό¬

25.0 688.0 674.0 48.0 τητι & honeſtate. Nam σεμνότοῦς honeſtatem ſigni¬

25.0 730.0 674.0 49.0 ficat, uerecundiam, ſanctimoniam, et grauitatẽ, item

22.0 772.0 676.0 52.0 morum præcipue ſeueritatem in adoleſcentia probe

22.0 817.0 677.0 45.0 inſtituta. Opponuntur hæc ſeditionibus turbis at bel¬

24.0 859.0 675.0 51.0 lis quibus labefactantur omnia honeſta ſtudia, corrum¬

23.0 904.0 676.0 50.0 puntur mores, perit honeſtas, ſoluitur fides & pudi¬

19.0 947.0 680.0 53.0 citia. Potißimum ita pro tranquillitate publica ora¬

22.0 991.0 676.0 51.0 bit eccleſia, aut ſi omnino bella pro defenſione legum

23.0 1034.0 675.0 54.0 patriæ & iuſtitiæ gerenda ſuſcipiuntur à magiſtrati¬

20.0 1080.0 677.0 48.0 bus oret eccleſia dominum ut uictoria ſuis conceſſa iu¬

22.0 1123.0 675.0 50.0 ſtam pacem oppreſſa omni iniuſtitia reſtituat. Harum

20.0 1167.0 677.0 49.0 rerum exempla innumera inuenias in Pſalmis quibus

22.0 1210.0 674.0 51.0 omnium orantium uota plenißime comprehendun¬

22.0 1253.0 670.0 64.0 tur. Habes pro quibus & quid omnino orandum ſit.
