1000 1547
415 112 454 43 COMMENT. IN I. EPIST.

357 152 621 61 In eccleſia dei hoc eſt ſanctorũ cœtu ueluti anima

312 200 665 56 eſt miniſter uerbi, utpote quẽ Paulus alibi appellat co¬

312 243 666 56 opariũ dei, et per cuius miniſteriũ deus populũ ſuũ gu¬

312 286 667 56 bernat. Eſt igitur hic à deo cõſtitutus ut ab ore eius cũ¬

312 328 667 56 cti expectẽt et audiãt uerbũ dei, idẽ à domino ueluti lu¬

311 372 667 57 cerna quæ piã toti domui est expoſitus ad quẽ intẽden¬

311 416 667 56 tes qui uerſantur in domo quid agant norint. Nam in

310 460 668 57 euangelio dominus ad uerbi miniſtros, Vos, inquit, e¬

311 504 666 54 ſtis lux mundi. Sic luceat lux ueſtra coram hominibus

310 547 667 55 ut uideant ueſtra bona opera glorificent́ patrẽ qui

311 591 665 54 in cœlis est. Proinde Paulus uitam & mores Epiſcopi

312 633 665 55 informat ne ex his ullæ in eccleſiã offũdãtur tenebræ.

346 679 630 61 Indubitatus ſermo, Si quis epi¬

307 736 668 59 ſcopi munus appetit bonũ opus

307 786 667 62 deſiderat. Oportet igitur epiſco¬

308 840 667 62 pum irreprehenſibilem eſſe, unius

306 892 669 61 uxoris maritum, uigilantem, ſobri

306 946 667 63 um, modeſtum, hoſpitalem, aptũ

304 1002 665 59 ad docendum, non uinolentum,

302 1053 672 62 non percuſſorem, non turpiter lu¬

304 1106 668 61 cri cupidum, ſed æquum, alienum

303 1161 589 61 à pugnis, alienum ab auaritia,

345 1207 622 56 Chryſoſtomus & huius abbreuiator Theophyla¬

303 1257 663 59 ctus hanc particulam πιςτὸς ὁ λόγος retulerunt ad

866 1296 103 67 ſuperi¬

183 689 117 54 CAP. III.
