1000 1547
201 103 343 42 AD TIM. CAP. II.

638.0 97.0 64.0 60.0 109

30 162 659 37 rò in Cœna myſtica hic ritus apud omnes peneè eccle¬

33.0 193.0 655.0 51.0 ſias ſeruabatur. Prodibat in cœtum ſacerdos. Inſtru¬

31.0 239.0 669.0 53.0 cta pane & uino ſtabat in proſpectu populi menſa my¬

33.0 281.0 670.0 53.0 ſtica, huic iſte aßiſtens populo benedicebat dicens, Do¬

32.0 326.0 671.0 51.0 minus uobiſcum. Is uero reſpondebat, Et cum ſpiritu

30.0 372.0 669.0 45.0 tuo. Deinde hunc ad res maximas excitans mentes́

32.0 412.0 672.0 54.0 ſingulorum præparans clamabat, Surſum corda. Re¬

35.0 457.0 671.0 52.0 ſpondebat plebs, Habemus ad dominum. Cyprianus e¬

31.0 501.0 672.0 48.0 nim in ſermone de oratione Dominica, Ideo & ſacer¬

32.0 545.0 672.0 53.0 dos inquit ante Orationem præfatione præmiſſa pa¬

33.0 587.0 672.0 56.0 rat fratrum mentes dicendo, Surſum corda, dum reſpõ

32.0 632.0 674.0 53.0 det plebs, Habemus ad dominum, admoneatur nihil a¬

35.0 676.0 671.0 53.0 liud ſe quàm dominum cogitare debere. Hæc Cypria¬

35.0 721.0 672.0 48.0 nus. Hinc uero ad gratiarum actionem inuitans ſacer¬

36.0 764.0 671.0 50.0 dos ait, Gratias agamus domino deo noſtro. Reſponde

36.0 806.0 670.0 51.0 bat plebs, Dignum & iuſtum est. Hic ſubijciebat ſacer¬

36.0 851.0 669.0 48.0 dos, Vere dignum & iuſtum est æquum & ſalutare,

36.0 894.0 673.0 53.0 nos tibi ſemper & ubi gratias agere domine ſancte

39.0 941.0 672.0 49.0 pater omnipotens æterne Deus per Chriſtum domi¬

41.0 984.0 670.0 45.0 num noſtrum. Horum enim penè omnium meminit et

40.0 1027.0 667.0 49.0 Auguſtinus lib. de Bono perſeuerantiæ cap.13, dicens,

42.0 1066.0 671.0 57.0 Quod ergo in ſacramentis fidelium dicitur, ut ſurſum

42.0 1112.0 670.0 52.0 corda habeamus ad dominum, munus est domini, de

42.0 1156.0 674.0 51.0 quo munere ipſi domino deo noſtro gratias agere à

45.0 1200.0 668.0 53.0 ſacerdote poſt hanc uocem quibus hoc dicitur, admo¬

44.0 1245.0 670.0 63.0 nentur, & dignum & iuſtum eſſe reſpondent &c

700 149 127 50 Cœna my¬

699 187 127 36 ſtica uete¬

699 214 62 45 rum.

534 1305 18 30 O

592 1320 20 33 5
