<?xml version="1.0" encoding="UTF-8"?>
<alto xmlns:xsi="http://www.w3.org/2001/XMLSchema-instance"
      xmlns="http://www.loc.gov/standards/alto/ns-v4#"
      xsi:schemaLocation="http://www.loc.gov/standards/alto/ns-v4# http://www.loc.gov/standards/alto/v4/alto-4-2.xsd">
  <Description>
    <MeasurementUnit>pixel</MeasurementUnit>
    <sourceImageInformation>
      <fileName>7325992.jpeg</fileName>
    </sourceImageInformation>
  </Description>
  <Tags>
    <OtherTag ID="BT7" LABEL="CustomZone" DESCRIPTION="block type CustomZone"/><OtherTag ID="BT8" LABEL="DamageZone" DESCRIPTION="block type DamageZone"/><OtherTag ID="BT9" LABEL="DigitizationArtefactZone" DESCRIPTION="block type DigitizationArtefactZone"/><OtherTag ID="BT10" LABEL="DropCapitalZone" DESCRIPTION="block type DropCapitalZone"/><OtherTag ID="BT11" LABEL="GraphicZone" DESCRIPTION="block type GraphicZone"/><OtherTag ID="BT12" LABEL="MainZone" DESCRIPTION="block type MainZone"/><OtherTag ID="BT13" LABEL="MarginTextZone" DESCRIPTION="block type MarginTextZone"/><OtherTag ID="BT14" LABEL="MusicZone" DESCRIPTION="block type MusicZone"/><OtherTag ID="BT15" LABEL="NumberingZone" DESCRIPTION="block type NumberingZone"/><OtherTag ID="BT17" LABEL="QuireMarksZone" DESCRIPTION="block type QuireMarksZone"/><OtherTag ID="BT18" LABEL="RunningTitleZone" DESCRIPTION="block type RunningTitleZone"/><OtherTag ID="BT19" LABEL="SealZone" DESCRIPTION="block type SealZone"/><OtherTag ID="BT20" LABEL="StampZone" DESCRIPTION="block type StampZone"/><OtherTag ID="BT21" LABEL="TableZone" DESCRIPTION="block type TableZone"/><OtherTag ID="BT22" LABEL="TitlePageZone" DESCRIPTION="block type TitlePageZone"/><OtherTag ID="BT2900" LABEL="MainZone-P-Continued" DESCRIPTION="block type MainZone-P-Continued"/><OtherTag ID="BT2901" LABEL="MainZone-Sp" DESCRIPTION="block type MainZone-Sp"/><OtherTag ID="BT2902" LABEL="MarginTextZone-Notes" DESCRIPTION="block type MarginTextZone-Notes"/><OtherTag ID="BT2903" LABEL="MainZone-Head" DESCRIPTION="block type MainZone-Head"/><OtherTag ID="BT2904" LABEL="MainZone-P" DESCRIPTION="block type MainZone-P"/>
    <OtherTag ID="LT7" LABEL="CustomLine" DESCRIPTION="line type CustomLine"/><OtherTag ID="LT8" LABEL="DefaultLine" DESCRIPTION="line type DefaultLine"/><OtherTag ID="LT9" LABEL="DropCapitalLine" DESCRIPTION="line type DropCapitalLine"/><OtherTag ID="LT10" LABEL="HeadingLine" DESCRIPTION="line type HeadingLine"/><OtherTag ID="LT11" LABEL="InterlinearLine" DESCRIPTION="line type InterlinearLine"/><OtherTag ID="LT12" LABEL="MusicLine" DESCRIPTION="line type MusicLine"/>
  </Tags>
  <Layout>
    <Page WIDTH="1000"
          HEIGHT="1547"
          PHYSICAL_IMG_NR="27"
          ID="eSc_dummypage_">
      <PrintSpace HPOS="0"
                  VPOS="0"
                  WIDTH="1000"
                  HEIGHT="1547">
        <TextBlock HPOS="381"
                   VPOS="103"
                   WIDTH="479"
                   HEIGHT="41"
                   ID="block_1"
                   TAGREFS="BT18">
          <Shape><Polygon POINTS="860 103 860 144 381 144 381 103"/></Shape>
          <TextLine ID="line_0"
                    TAGREFS="LT10"
                    BASELINE="386 134 851 134" 
                    HPOS="379"
                    VPOS="94"
                    WIDTH="479"
                    HEIGHT="54">
            <Shape><Polygon POINTS="379 140 393 147 394 147 395 148 462 148 462 147 463 147 464 147 464 146 469 142 470 141 476 142 512 147 513 147 564 143 593 141 731 146 785 147 786 147 787 147 788 146 795 141 802 146 803 146 804 146 805 146 822 141 858 147 858 134 858 101 826 95 825 95 824 95 809 100 800 94 799 94 798 94 797 94 769 98 739 94 738 94 737 94 736 94 736 95 730 100 695 95 694 95 670 98 666 95 666 94 665 94 664 94 663 94 638 98 631 94 630 94 629 94 628 94 627 94 626 94 619 100 617 100 581 94 580 94 379 99 379 134"/></Shape>
            <String CONTENT="COMMENT. IN I. EPIST."
                    HPOS="379"
                    VPOS="94"
                    WIDTH="479"
                    HEIGHT="54"
                    ></String>
          </TextLine>
        </TextBlock>
        <TextBlock HPOS="284"
                   VPOS="151"
                   WIDTH="678"
                   HEIGHT="1144"
                   ID="block_0"
                   TAGREFS="BT2900">
          <Shape><Polygon POINTS="955 151 962 1286 284 1295 284 157"/></Shape>
          <TextLine ID="line_1"
                    TAGREFS="LT8"
                    BASELINE="287 188 954 184" 
                    HPOS="286.0"
                    VPOS="146.0"
                    WIDTH="668.0"
                    HEIGHT="56.0">
            <Shape><Polygon POINTS="287 188 287 202 453 195 508 195 522 201 523 201 524 201 525 201 577 195 664 200 670 200 671 200 672 200 673 200 679 195 696 200 697 200 698 200 699 200 702 200 730 195 776 199 780 199 781 199 782 199 783 199 791 194 813 199 815 199 816 199 821 199 846 195 952 197 954 184 953 157 925 146 924 146 923 146 922 146 906 155 877 146 876 146 875 146 874 146 852 157 799 157 789 150 788 150 787 150 786 150 785 150 764 158 747 158 734 147 733 147 732 147 620 147 619 147 619 147 586 158 570 152 569 152 568 152 500 158 489 152 488 152 487 152 451 158 440 149 439 149 438 149 421 149 420 149 372 158 350 149 349 149 349 149 348 149 328 159 286 159 287 188"/></Shape>
            <String CONTENT="nus hominũ natura garrulũ faſtuoſum et recalcitrãs."
                    HPOS="286.0"
                    VPOS="146.0"
                    WIDTH="668.0"
                    HEIGHT="56.0"
                    WC="0.9902660581800673"></String>
          </TextLine>
          <TextLine ID="line_2"
                    TAGREFS="LT8"
                    BASELINE="288 231 955 228" 
                    HPOS="288.0"
                    VPOS="193.0"
                    WIDTH="667.0"
                    HEIGHT="53.0">
            <Shape><Polygon POINTS="288 231 288 246 323 240 341 245 342 245 343 245 390 240 400 245 401 245 402 245 409 245 511 239 567 239 576 244 579 244 580 244 581 244 588 244 612 239 645 243 662 244 662 244 678 243 702 239 710 242 714 244 715 244 716 244 748 244 748 244 748 244 752 242 759 238 764 242 768 244 769 244 770 244 800 241 835 238 847 241 858 243 858 243 859 243 864 241 869 238 884 240 902 243 903 243 954 239 955 228 952 195 878 199 868 196 858 193 858 193 857 193 856 193 855 193 851 196 846 200 815 200 810 196 805 193 804 193 803 193 738 193 737 193 717 197 706 200 694 198 673 194 672 194 671 194 655 198 648 200 640 198 618 194 617 194 616 194 597 199 592 200 585 199 553 194 552 194 552 194 532 200 530 200 528 200 511 194 510 194 509 194 509 194 486 200 482 201 432 201 431 201 423 195 423 195 422 195 404 195 403 195 402 195 387 201 387 201 288 201 288 231"/></Shape>
            <String CONTENT="Hinc Paulus, Mulier inquit in ſilentio diſcat cũ omni"
                    HPOS="288.0"
                    VPOS="193.0"
                    WIDTH="667.0"
                    HEIGHT="53.0"
                    WC="0.9967622525162168"></String>
          </TextLine>
          <TextLine ID="line_3"
                    TAGREFS="LT8"
                    BASELINE="288 275 955 271" 
                    HPOS="287.0"
                    VPOS="236.0"
                    WIDTH="668.0"
                    HEIGHT="55.0">
            <Shape><Polygon POINTS="288 275 288 291 311 286 375 290 390 291 391 291 397 290 421 285 443 289 447 290 448 290 449 290 450 290 451 289 457 285 483 289 486 289 487 289 501 289 591 284 616 287 629 289 630 289 649 287 675 284 693 287 705 288 706 288 955 283 955 271 954 244 931 236 930 236 929 236 928 236 927 236 920 240 876 236 875 236 839 244 740 241 739 241 688 245 686 246 665 246 665 245 655 238 654 238 653 238 652 238 583 245 555 238 554 238 553 238 552 238 527 246 504 238 503 238 459 238 458 238 457 238 438 246 401 239 400 239 354 244 343 239 342 239 301 239 300 239 300 239 299 239 287 246 288 275"/></Shape>
            <String CONTENT="ſubiectione. Id est mulieres ſilere &amp; per omnia ſubeſ¬"
                    HPOS="287.0"
                    VPOS="236.0"
                    WIDTH="668.0"
                    HEIGHT="55.0"
                    WC="0.9815583206989147"></String>
          </TextLine>
          <TextLine ID="line_4"
                    TAGREFS="LT8"
                    BASELINE="291 321 529 316 953 314" 
                    HPOS="290.0"
                    VPOS="281.0"
                    WIDTH="663.0"
                    HEIGHT="54.0">
            <Shape><Polygon POINTS="291 321 291 335 343 333 344 333 355 328 458 332 476 333 477 333 478 333 481 332 500 326 592 326 599 330 600 330 601 330 601 330 602 330 603 330 619 325 628 330 631 331 631 331 632 332 687 332 687 331 700 329 723 324 752 324 759 328 762 330 763 330 764 330 765 330 766 330 773 328 781 324 803 327 822 330 822 330 846 330 846 330 847 330 853 326 858 324 871 326 889 330 890 330 952 324 953 314 950 287 805 287 764 281 763 281 762 281 761 281 751 287 696 282 695 282 694 282 682 289 638 289 630 282 629 282 628 282 627 282 626 282 615 288 602 281 601 281 601 281 600 281 571 289 540 282 539 282 539 282 522 289 482 290 441 283 405 283 404 283 404 283 392 289 382 284 381 284 380 284 332 288 301 284 300 284 300 284 299 284 290 290 291 321"/></Shape>
            <String CONTENT="ſe &amp; à uirorum authoritate pendere debent. Sequi¬"
                    HPOS="290.0"
                    VPOS="281.0"
                    WIDTH="663.0"
                    HEIGHT="54.0"
                    WC="0.9808447921276092"></String>
          </TextLine>
          <TextLine ID="line_5"
                    TAGREFS="LT8"
                    BASELINE="290 361 955 359" 
                    HPOS="289.0"
                    VPOS="324.0"
                    WIDTH="666.0"
                    HEIGHT="49.0">
            <Shape><Polygon POINTS="290 361 290 372 953 373 955 359 953 332 860 332 793 324 792 324 791 324 777 330 733 324 732 324 655 332 602 324 601 324 550 332 521 326 520 326 519 326 499 332 484 325 484 325 433 325 432 325 323 333 307 327 306 327 306 327 305 327 289 333 290 361"/></Shape>
            <String CONTENT="tur enim huius legis expoſitio, Mulieri docere nõ per"
                    HPOS="289.0"
                    VPOS="324.0"
                    WIDTH="666.0"
                    HEIGHT="49.0"
                    ></String>
          </TextLine>
          <TextLine ID="line_6"
                    TAGREFS="LT8"
                    BASELINE="289 406 954 402" 
                    HPOS="288.0"
                    VPOS="368.0"
                    WIDTH="666.0"
                    HEIGHT="53.0">
            <Shape><Polygon POINTS="289 406 289 419 371 421 372 421 373 421 379 418 387 415 392 418 396 421 397 421 398 421 398 421 427 417 441 416 459 417 503 420 504 420 521 416 529 415 536 416 553 420 554 420 588 419 588 419 597 415 603 413 609 415 620 419 621 419 622 419 623 419 637 415 644 413 653 415 674 419 674 419 675 419 684 415 689 412 779 412 782 413 797 418 798 418 799 418 800 418 821 412 827 411 841 412 901 417 902 417 953 410 954 402 951 368 866 373 856 369 853 368 852 368 852 368 846 369 828 373 813 370 806 368 805 368 804 368 803 368 800 370 791 375 749 375 739 371 731 368 730 368 730 368 729 368 723 371 717 374 704 372 688 368 687 368 687 368 680 372 672 375 664 372 657 369 656 369 656 369 641 372 632 374 624 372 611 369 610 369 609 369 608 369 607 369 602 372 598 375 571 373 527 370 527 370 499 374 492 375 489 374 475 370 474 370 473 370 472 370 464 375 461 376 455 375 432 370 431 370 430 370 421 375 418 377 369 377 361 376 320 371 319 371 319 371 318 371 311 377 310 378 288 378 289 406"/></Shape>
            <String CONTENT="mitto, ne; ἄυθεντεῖν ἀνδρός id est authoritate uti"
                    HPOS="288.0"
                    VPOS="368.0"
                    WIDTH="666.0"
                    HEIGHT="53.0"
                    ></String>
          </TextLine>
          <TextLine ID="line_7"
                    TAGREFS="LT8"
                    BASELINE="288 449 955 446" 
                    HPOS="287.0"
                    VPOS="412.0"
                    WIDTH="668.0"
                    HEIGHT="47.0">
            <Shape><Polygon POINTS="288 449 288 459 954 459 955 446 952 420 831 420 829 420 818 412 817 412 816 412 794 412 793 412 792 412 777 420 776 420 761 412 760 412 730 412 730 412 701 413 700 413 699 413 692 419 668 415 668 415 667 415 649 420 645 421 640 420 615 415 614 415 613 415 595 420 592 421 587 420 544 413 510 413 509 413 509 413 508 413 497 421 495 422 469 422 466 421 453 414 453 414 452 414 422 421 415 422 368 422 364 421 349 414 348 414 347 414 346 414 333 421 331 422 316 422 313 421 300 414 300 414 299 414 298 414 287 419 288 449"/></Shape>
            <String CONTENT="in uiros &amp; illos ad ſuum cogere affectum legésue præ¬"
                    HPOS="287.0"
                    VPOS="412.0"
                    WIDTH="668.0"
                    HEIGHT="47.0"
                    ></String>
          </TextLine>
          <TextLine ID="line_8"
                    TAGREFS="LT8"
                    BASELINE="291 493 956 490" 
                    HPOS="290.0"
                    VPOS="453.0"
                    WIDTH="666.0"
                    HEIGHT="53.0">
            <Shape><Polygon POINTS="291 493 291 506 326 500 398 500 417 505 422 506 423 506 423 506 424 506 428 504 435 501 490 503 506 504 507 504 512 503 530 499 539 503 545 505 546 505 546 505 564 502 588 499 595 502 601 505 601 505 602 505 620 501 637 499 644 501 652 505 653 505 654 505 655 505 656 505 661 501 665 499 688 501 732 505 733 505 734 505 735 505 740 501 742 498 750 500 764 504 765 504 766 504 800 500 807 499 833 499 846 499 852 504 852 504 853 504 854 504 855 504 864 500 898 503 899 503 925 499 935 504 936 504 937 504 938 504 956 497 956 490 954 462 866 462 865 461 854 455 853 455 852 455 822 461 818 461 816 460 800 453 799 453 798 453 756 455 755 455 754 455 747 460 746 461 745 460 736 453 735 453 734 453 733 453 717 454 717 454 716 454 709 460 705 463 672 463 667 459 657 455 656 455 656 455 655 455 644 459 638 462 600 462 593 459 577 454 576 454 540 454 539 454 539 454 538 454 531 458 530 459 527 458 513 454 512 454 511 454 489 458 486 458 478 458 415 455 414 455 413 455 412 455 408 458 398 464 370 464 361 458 359 456 358 456 357 456 356 456 290 457 291 493"/></Shape>
            <String CONTENT="ſcribere authenticas, ſed omnino eſſe in ſilentio. Hanc"
                    HPOS="290.0"
                    VPOS="453.0"
                    WIDTH="666.0"
                    HEIGHT="53.0"
                    ></String>
          </TextLine>
          <TextLine ID="line_9"
                    TAGREFS="LT8"
                    BASELINE="291 537 582 533 955 535" 
                    HPOS="290.0"
                    VPOS="501.0"
                    WIDTH="665.0"
                    HEIGHT="50.0">
            <Shape><Polygon POINTS="291 537 291 545 301 550 302 550 303 550 356 545 361 545 366 545 398 550 399 551 466 551 466 550 467 550 468 550 474 545 475 545 560 545 579 545 586 550 587 550 588 550 588 550 610 545 612 545 613 545 630 550 631 550 631 550 679 545 685 545 691 545 731 550 732 550 760 545 764 545 767 545 789 550 790 550 820 545 823 545 824 545 832 550 833 550 834 550 954 545 955 535 954 507 896 501 895 501 872 506 851 501 850 501 849 501 848 501 847 501 836 507 835 508 716 508 715 508 707 501 706 501 705 501 705 501 684 506 678 501 677 501 676 501 600 501 599 501 598 501 597 501 590 507 556 508 535 501 534 501 452 501 451 501 450 501 429 508 391 502 390 502 389 502 378 508 353 504 352 504 324 508 305 501 304 501 303 501 302 501 301 501 290 507 291 537"/></Shape>
            <String CONTENT="legem repetijt &amp; in 1. ad Corinth.14. cap. &amp; trans¬"
                    HPOS="290.0"
                    VPOS="501.0"
                    WIDTH="665.0"
                    HEIGHT="50.0"
                    ></String>
          </TextLine>
          <TextLine ID="line_10"
                    TAGREFS="LT8"
                    BASELINE="290 580 955 578" 
                    HPOS="289.0"
                    VPOS="544.0"
                    WIDTH="666.0"
                    HEIGHT="50.0">
            <Shape><Polygon POINTS="290 580 290 594 314 589 321 593 322 593 323 593 324 594 378 594 378 593 415 587 529 587 571 593 572 593 573 593 590 587 613 591 613 591 614 591 631 587 730 587 767 593 768 593 769 593 782 587 805 593 806 593 807 593 861 587 876 593 877 593 877 593 908 593 908 593 909 593 922 587 953 593 955 578 953 552 921 547 920 547 920 547 919 547 912 551 911 552 836 552 835 551 824 544 823 544 822 544 822 544 821 544 795 551 780 544 779 544 779 544 746 551 743 551 718 551 706 551 696 544 695 544 694 544 693 544 609 545 608 545 607 545 599 550 597 552 588 550 559 546 558 546 558 546 548 550 545 552 461 552 459 550 452 547 451 547 450 547 449 547 440 550 437 551 435 550 428 545 427 545 426 545 425 545 402 550 401 550 400 550 391 545 390 545 389 545 348 547 347 547 346 547 341 550 337 552 332 550 319 545 318 545 317 545 289 550 290 580"/></Shape>
            <String CONTENT="ſumpſit ex Gene. 3. cap. ubi in hæc uerba pronuntiat"
                    HPOS="289.0"
                    VPOS="544.0"
                    WIDTH="666.0"
                    HEIGHT="50.0"
                    ></String>
          </TextLine>
          <TextLine ID="line_11"
                    TAGREFS="LT8"
                    BASELINE="289 623 954 623" 
                    HPOS="289.0"
                    VPOS="588.0"
                    WIDTH="665.0"
                    HEIGHT="50.0">
            <Shape><Polygon POINTS="289 623 289 635 506 638 507 638 508 638 509 638 510 636 517 632 548 632 562 637 565 638 566 638 567 638 568 638 570 637 582 632 628 632 671 637 679 638 680 638 686 637 717 632 736 637 736 637 737 637 780 632 799 638 800 638 801 638 802 638 803 638 803 638 825 632 842 638 843 638 844 638 845 638 846 638 870 634 953 638 954 623 954 595 824 595 822 594 793 588 792 588 791 588 778 594 777 594 776 594 743 588 742 588 742 588 720 593 708 588 707 588 706 588 677 593 648 588 647 588 646 588 632 594 631 595 588 595 587 594 580 588 579 588 578 588 577 588 576 588 560 593 558 595 533 595 531 593 522 588 521 588 521 588 520 588 374 593 341 594 333 593 303 588 302 588 301 588 289 593 289 623"/></Shape>
            <String CONTENT="dominus, Multiplicando multiplicabo dolorem tuum"
                    HPOS="289.0"
                    VPOS="588.0"
                    WIDTH="665.0"
                    HEIGHT="50.0"
                    WC="0.9949430314203104"></String>
          </TextLine>
          <TextLine ID="line_12"
                    TAGREFS="LT8"
                    BASELINE="291 669 511 664 954 665" 
                    HPOS="290.0"
                    VPOS="631.0"
                    WIDTH="664.0"
                    HEIGHT="46.0">
            <Shape><Polygon POINTS="291 669 291 677 953 674 954 665 953 639 916 639 897 632 896 632 895 632 865 638 845 632 844 632 843 632 842 632 822 639 820 639 817 639 795 631 794 631 754 631 754 631 753 631 740 637 726 631 725 631 724 631 723 631 723 631 713 638 674 635 674 635 673 635 662 639 662 639 652 631 651 631 650 631 600 631 599 631 598 631 597 631 585 639 584 639 576 639 539 635 539 635 481 639 453 640 448 639 428 632 427 632 426 632 425 632 424 632 414 639 411 640 386 639 319 635 319 635 290 638 291 669"/></Shape>
            <String CONTENT="&amp; conceptum tuum. In dolore paries filios, &amp; ad ui¬"
                    HPOS="290.0"
                    VPOS="631.0"
                    WIDTH="664.0"
                    HEIGHT="46.0"
                    WC="0.9809582841162588"></String>
          </TextLine>
          <TextLine ID="line_13"
                    TAGREFS="LT8"
                    BASELINE="289 711 954 707" 
                    HPOS="288.0"
                    VPOS="671.0"
                    WIDTH="666.0"
                    HEIGHT="53.0">
            <Shape><Polygon POINTS="289 711 289 723 375 718 390 722 396 724 397 724 398 724 398 724 404 722 423 717 482 717 503 721 515 723 515 723 516 723 517 723 520 721 526 717 548 721 556 721 557 721 558 721 558 721 559 721 565 716 631 716 636 720 638 721 639 721 640 721 641 721 642 721 647 720 652 717 687 719 733 721 734 721 735 721 741 718 747 715 767 715 779 718 792 721 793 721 794 721 815 717 826 715 841 717 871 721 871 721 953 715 954 707 952 679 939 679 929 671 928 671 927 671 926 671 926 671 901 678 886 672 885 672 884 672 883 672 865 679 840 679 831 672 830 672 829 672 770 672 769 672 768 672 767 672 754 680 687 680 629 672 628 672 627 672 608 678 602 672 601 672 601 672 566 672 565 672 564 672 564 672 558 677 457 673 456 673 455 673 454 673 442 681 399 677 398 677 353 682 337 676 336 676 335 676 334 676 333 676 323 683 288 683 289 711"/></Shape>
            <String CONTENT="rum tuum erit deſyderium tuum, &amp; ipſe dominabi¬"
                    HPOS="288.0"
                    VPOS="671.0"
                    WIDTH="666.0"
                    HEIGHT="53.0"
                    WC="0.987084521892223"></String>
          </TextLine>
          <TextLine ID="line_14"
                    TAGREFS="LT8"
                    BASELINE="290 753 957 751" 
                    HPOS="289.0"
                    VPOS="714.0"
                    WIDTH="668.0"
                    HEIGHT="53.0">
            <Shape><Polygon POINTS="290 753 290 762 508 767 509 767 540 762 541 762 542 762 576 767 577 767 626 762 659 767 660 767 661 767 676 762 687 767 687 767 688 767 731 761 735 761 736 761 750 766 751 766 752 767 850 767 850 766 851 766 865 762 907 766 908 766 957 760 957 751 955 720 916 721 913 720 907 716 907 716 906 716 905 716 904 716 894 720 889 721 883 720 877 717 876 717 875 717 874 717 869 720 866 721 864 720 855 714 854 714 853 714 795 714 794 714 749 721 740 721 730 721 687 715 686 715 685 715 673 721 669 722 642 721 576 717 575 717 574 717 573 717 568 721 566 723 527 723 522 721 495 715 494 715 493 715 473 721 469 723 465 721 455 718 454 718 453 718 435 722 434 722 432 722 411 715 410 715 355 715 355 715 354 715 329 722 326 723 324 722 314 719 313 719 312 719 289 722 290 753"/></Shape>
            <String CONTENT="tur tibi. Id est nihil conſtitues priuato affectu ſed ad nu¬"
                    HPOS="289.0"
                    VPOS="714.0"
                    WIDTH="668.0"
                    HEIGHT="53.0"
                    ></String>
          </TextLine>
          <TextLine ID="line_15"
                    TAGREFS="LT8"
                    BASELINE="289 797 955 795" 
                    HPOS="288.0"
                    VPOS="762.0"
                    WIDTH="667.0"
                    HEIGHT="49.0">
            <Shape><Polygon POINTS="289 797 289 811 353 811 353 810 354 810 355 810 361 805 390 810 391 810 392 810 392 810 417 804 520 810 525 810 526 810 527 810 539 804 583 807 584 807 623 803 804 803 811 809 812 809 813 809 814 809 842 803 867 809 868 809 869 809 930 803 952 809 955 795 953 767 903 762 902 762 901 762 892 767 889 768 883 767 857 763 856 763 815 767 807 768 803 767 777 762 776 762 747 768 745 768 742 768 718 762 717 762 717 762 716 762 707 768 706 769 650 769 650 768 631 762 631 762 630 762 573 768 554 763 553 763 552 763 552 763 551 763 541 769 540 770 478 770 477 769 466 763 465 763 464 763 463 763 462 763 456 768 445 764 444 764 443 764 442 764 427 769 407 763 406 763 369 763 368 763 368 763 367 763 358 769 333 765 332 765 288 770 289 797"/></Shape>
            <String CONTENT="tum uiri omnia ages. Proinde cum in rebus priuatis re¬"
                    HPOS="288.0"
                    VPOS="762.0"
                    WIDTH="667.0"
                    HEIGHT="49.0"
                    ></String>
          </TextLine>
          <TextLine ID="line_16"
                    TAGREFS="LT8"
                    BASELINE="289 841 955 838" 
                    HPOS="288.0"
                    VPOS="804.0"
                    WIDTH="667.0"
                    HEIGHT="50.0">
            <Shape><Polygon POINTS="289 841 289 849 380 854 381 854 411 849 426 854 427 854 428 854 461 849 500 854 501 854 502 854 503 854 511 849 512 849 540 853 541 853 653 849 663 853 664 853 665 854 731 854 731 853 763 848 769 852 770 852 771 852 772 853 947 853 947 852 948 852 949 852 955 847 955 838 953 808 920 805 920 805 881 808 864 810 856 809 834 804 833 804 832 804 819 809 814 812 737 812 730 810 705 805 704 805 644 811 631 812 629 811 620 805 619 805 619 805 558 805 558 805 525 811 514 807 513 807 512 807 511 807 500 812 498 813 497 812 486 807 485 807 484 807 462 811 429 806 428 806 427 806 426 806 415 813 412 813 369 809 368 809 288 813 289 841"/></Shape>
            <String CONTENT="uerenter debeant auſcultare mulieres, multo minus"
                    HPOS="288.0"
                    VPOS="804.0"
                    WIDTH="667.0"
                    HEIGHT="50.0"
                    WC="0.9923823366359789"></String>
          </TextLine>
          <TextLine ID="line_17"
                    TAGREFS="LT8"
                    BASELINE="291 885 953 880" 
                    HPOS="290.0"
                    VPOS="844.0"
                    WIDTH="663.0"
                    HEIGHT="54.0">
            <Shape><Polygon POINTS="291 885 291 898 325 892 398 897 415 898 416 898 417 898 417 898 417 897 418 897 424 892 501 895 502 895 548 892 554 895 555 896 556 896 557 896 558 896 576 895 645 891 695 894 706 894 707 894 711 893 732 890 753 893 766 895 766 895 953 891 953 880 950 844 918 846 917 846 906 852 868 849 867 849 818 853 699 849 617 846 616 846 580 851 554 855 542 852 522 847 521 847 521 847 481 853 480 853 479 853 462 847 461 847 460 847 460 847 446 854 443 855 440 854 418 848 417 848 326 848 325 848 325 848 324 848 311 856 290 856 291 885"/></Shape>
            <String CONTENT="publicis functionibus præfici debent. Inuertunt enim"
                    HPOS="290.0"
                    VPOS="844.0"
                    WIDTH="663.0"
                    HEIGHT="54.0"
                    WC="0.9811763282005603"></String>
          </TextLine>
          <TextLine ID="line_18"
                    TAGREFS="LT8"
                    BASELINE="291 929 950 924" 
                    HPOS="290.0"
                    VPOS="886.0"
                    WIDTH="660.0"
                    HEIGHT="57.0">
            <Shape><Polygon POINTS="291 929 291 941 350 938 362 941 372 943 373 943 374 943 374 943 375 943 379 941 387 935 396 941 398 942 398 942 399 942 400 942 401 942 405 941 423 935 494 935 515 941 521 942 521 942 522 942 523 942 529 941 542 937 582 941 595 941 596 941 601 941 630 934 730 941 737 941 738 941 739 941 740 941 753 933 804 933 828 933 837 940 838 940 839 940 840 941 866 941 866 940 867 940 868 940 876 935 949 940 950 924 948 888 905 891 888 889 866 886 865 886 865 886 858 890 845 897 794 897 783 892 782 892 781 892 755 897 748 892 743 888 742 888 742 888 692 887 691 887 690 887 672 893 658 898 650 893 641 888 640 888 620 888 619 888 619 888 598 894 588 898 551 899 529 899 525 896 515 889 514 889 513 889 429 889 429 889 428 889 410 898 407 900 357 900 356 899 342 892 341 892 340 892 339 892 322 900 290 900 291 929"/></Shape>
            <String CONTENT="naturæ et dei ordinem qui in iudicijs exercendis in́"
                    HPOS="290.0"
                    VPOS="886.0"
                    WIDTH="660.0"
                    HEIGHT="57.0"
                    WC="0.97845288942445"></String>
          </TextLine>
          <TextLine ID="line_19"
                    TAGREFS="LT8"
                    BASELINE="292 970 951 970" 
                    HPOS="292.0"
                    VPOS="935.0"
                    WIDTH="659.0"
                    HEIGHT="49.0">
            <Shape><Polygon POINTS="292 970 292 984 333 979 361 984 363 984 364 984 416 984 416 984 417 984 417 984 424 979 468 983 478 984 478 984 515 984 515 984 515 984 516 984 517 983 521 979 527 983 529 984 530 984 531 984 536 983 553 979 570 983 577 984 578 984 579 984 583 983 595 979 599 983 600 984 601 984 601 984 602 984 611 983 630 979 764 979 771 982 777 984 778 984 779 984 951 980 951 970 951 942 882 935 881 935 845 941 824 935 823 935 760 935 760 935 759 935 758 935 748 941 747 942 716 942 715 941 705 935 705 935 704 935 703 935 702 935 689 941 688 941 687 941 665 935 664 935 663 935 662 935 662 935 651 941 650 942 625 942 624 941 615 935 614 935 613 935 613 935 612 935 586 941 584 941 583 941 570 935 570 935 569 935 568 935 549 941 546 941 541 941 502 935 501 935 500 935 489 941 487 942 433 942 431 941 424 935 423 935 423 935 422 935 345 941 331 941 327 941 305 935 304 935 303 935 302 935 292 940 292 970"/></Shape>
            <String CONTENT="dicendis ſententijs, in ferendis item legibus, deni"
                    HPOS="292.0"
                    VPOS="935.0"
                    WIDTH="659.0"
                    HEIGHT="49.0"
                    WC="0.9904752431007532"></String>
          </TextLine>
          <TextLine ID="line_20"
                    TAGREFS="LT8"
                    BASELINE="293 1016 579 1012 956 1013" 
                    HPOS="292.0"
                    VPOS="976.0"
                    WIDTH="664.0"
                    HEIGHT="56.0">
            <Shape><Polygon POINTS="293 1016 293 1032 392 1026 407 1030 411 1031 411 1031 412 1031 431 1029 468 1027 483 1028 499 1031 500 1031 501 1031 502 1031 505 1028 514 1022 554 1027 578 1030 579 1030 580 1030 587 1027 596 1021 717 1021 779 1021 782 1023 795 1029 796 1029 797 1030 853 1030 853 1029 854 1029 855 1029 865 1021 866 1021 885 1021 892 1021 914 1029 914 1029 915 1029 916 1029 917 1029 926 1022 944 1026 944 1026 945 1026 946 1026 956 1020 956 1013 954 976 900 984 881 978 880 978 879 978 878 978 877 978 868 984 850 978 849 978 848 978 847 978 827 983 809 978 805 977 804 977 803 977 803 977 802 977 801 978 795 983 784 978 781 978 780 978 779 978 779 978 778 978 777 978 769 984 734 979 725 978 724 978 723 978 723 978 722 979 714 984 705 979 699 978 699 978 698 978 678 980 653 984 649 981 645 978 644 978 644 978 583 978 582 978 582 978 581 978 575 982 570 985 503 985 499 984 489 979 488 979 487 979 486 979 478 984 475 984 470 984 444 978 443 978 442 978 441 978 434 984 427 984 399 985 392 985 325 978 324 978 323 978 292 986 293 1016"/></Shape>
            <String CONTENT="&amp; in miniſterijs &amp; functionibus eccleſiaſticis ullũ"
                    HPOS="292.0"
                    VPOS="976.0"
                    WIDTH="664.0"
                    HEIGHT="56.0"
                    WC="0.9881747261835978"></String>
          </TextLine>
          <TextLine ID="line_21"
                    TAGREFS="LT8"
                    BASELINE="291 1057 955 1055" 
                    HPOS="290.0"
                    VPOS="1023.0"
                    WIDTH="665.0"
                    HEIGHT="49.0">
            <Shape><Polygon POINTS="291 1057 291 1067 302 1072 303 1072 304 1072 305 1072 314 1067 317 1066 331 1067 376 1072 377 1072 417 1068 435 1066 463 1068 504 1071 505 1071 506 1071 507 1071 510 1069 514 1065 539 1065 573 1069 598 1071 599 1071 613 1069 634 1065 668 1070 686 1071 687 1071 687 1071 688 1071 691 1070 698 1065 773 1070 787 1070 788 1070 789 1070 790 1070 790 1070 798 1064 818 1064 838 1070 840 1070 840 1070 841 1071 954 1071 955 1055 952 1031 886 1031 885 1031 876 1023 875 1023 874 1023 854 1023 853 1023 852 1023 852 1023 841 1031 840 1032 791 1032 790 1031 780 1023 779 1023 779 1023 778 1023 777 1023 761 1028 736 1023 735 1023 734 1023 711 1031 707 1032 674 1032 672 1031 660 1024 659 1024 658 1024 619 1029 588 1024 588 1024 587 1024 574 1031 571 1033 544 1033 540 1031 525 1025 524 1025 523 1025 522 1025 510 1031 506 1033 500 1031 481 1025 480 1025 479 1025 433 1031 417 1033 346 1033 344 1031 331 1025 331 1025 299 1025 298 1025 297 1025 296 1025 290 1028 291 1057"/></Shape>
            <String CONTENT="locum permittunt mulieribus. Vnde conſequens"
                    HPOS="290.0"
                    VPOS="1023.0"
                    WIDTH="665.0"
                    HEIGHT="49.0"
                    WC="0.9960780604319139"></String>
          </TextLine>
          <TextLine ID="line_22"
                    TAGREFS="LT8"
                    BASELINE="290 1100 955 1098" 
                    HPOS="289.0"
                    VPOS="1067.0"
                    WIDTH="666.0"
                    HEIGHT="47.0">
            <Shape><Polygon POINTS="290 1100 290 1108 337 1108 338 1108 344 1112 345 1112 346 1112 347 1112 348 1112 363 1108 368 1107 415 1107 418 1109 433 1114 434 1114 435 1114 469 1109 485 1107 518 1110 562 1113 563 1113 564 1113 570 1110 576 1107 595 1111 603 1112 604 1112 612 1111 626 1108 631 1111 632 1112 633 1112 634 1112 635 1112 644 1111 664 1106 669 1111 670 1111 671 1111 672 1111 732 1106 808 1112 813 1112 814 1112 815 1112 815 1112 836 1107 853 1112 855 1113 856 1113 857 1114 954 1114 955 1098 953 1068 922 1067 921 1067 920 1067 919 1068 908 1074 678 1074 668 1070 657 1069 656 1069 656 1069 655 1069 652 1071 650 1072 649 1071 644 1067 643 1067 642 1067 622 1067 621 1067 466 1073 441 1074 436 1074 394 1068 393 1068 363 1073 310 1068 309 1068 308 1068 289 1074 290 1100"/></Shape>
            <String CONTENT="est &amp; humanarum &amp; diuinarum rerum ex æquo fu¬"
                    HPOS="289.0"
                    VPOS="1067.0"
                    WIDTH="666.0"
                    HEIGHT="47.0"
                    ></String>
          </TextLine>
          <TextLine ID="line_23"
                    TAGREFS="LT8"
                    BASELINE="294 1143 956 1142" 
                    HPOS="293.0"
                    VPOS="1106.0"
                    WIDTH="663.0"
                    HEIGHT="55.0">
            <Shape><Polygon POINTS="294 1143 294 1161 332 1155 365 1160 366 1160 367 1160 368 1160 376 1154 390 1160 391 1160 392 1160 434 1154 450 1160 451 1160 452 1160 453 1160 481 1154 503 1160 503 1160 504 1160 505 1160 506 1160 507 1160 526 1154 566 1154 577 1159 579 1160 580 1160 581 1160 587 1159 616 1155 646 1159 650 1159 650 1159 651 1159 652 1159 662 1153 701 1158 707 1159 708 1159 709 1159 711 1158 730 1153 785 1158 801 1159 802 1159 816 1158 854 1154 863 1157 866 1159 867 1159 868 1159 955 1156 956 1142 952 1110 936 1114 796 1110 795 1110 769 1114 754 1109 748 1106 747 1106 746 1106 729 1109 701 1113 652 1109 625 1106 624 1106 576 1107 576 1107 575 1107 573 1108 565 1114 554 1108 552 1107 551 1107 523 1107 522 1107 521 1107 518 1108 503 1114 492 1108 490 1107 489 1107 488 1107 487 1107 484 1108 468 1115 435 1115 426 1109 425 1109 424 1109 423 1109 423 1109 422 1109 413 1114 402 1111 401 1111 400 1111 365 1115 352 1108 350 1107 349 1107 349 1107 293 1107 294 1143"/></Shape>
            <String CONTENT="iſſe ignaros qui Abbatiſſas (ſic enim uocarunt princi¬"
                    HPOS="293.0"
                    VPOS="1106.0"
                    WIDTH="663.0"
                    HEIGHT="55.0"
                    ></String>
          </TextLine>
          <TextLine ID="line_24"
                    TAGREFS="LT8"
                    BASELINE="293 1188 957 1185" 
                    HPOS="292.0"
                    VPOS="1153.0"
                    WIDTH="665.0"
                    HEIGHT="50.0">
            <Shape><Polygon POINTS="293 1188 293 1203 357 1201 358 1201 359 1201 366 1197 443 1201 457 1202 458 1202 459 1202 461 1201 480 1196 540 1196 552 1200 554 1201 555 1201 556 1201 571 1200 625 1195 632 1199 635 1200 636 1200 637 1201 669 1201 669 1200 670 1200 671 1200 673 1198 677 1195 687 1198 691 1200 692 1200 693 1200 729 1198 778 1195 782 1198 785 1199 785 1199 786 1199 787 1199 788 1199 793 1198 803 1194 833 1194 837 1197 840 1199 840 1199 841 1199 842 1199 843 1199 848 1197 852 1195 956 1195 957 1185 957 1160 943 1155 942 1155 941 1155 940 1155 931 1160 869 1160 831 1154 830 1154 829 1154 828 1154 822 1160 763 1160 697 1160 695 1160 665 1153 664 1153 663 1153 650 1160 650 1161 625 1161 623 1160 613 1154 613 1154 612 1154 536 1154 535 1154 534 1154 520 1160 518 1161 513 1160 478 1154 478 1154 428 1155 427 1155 426 1155 417 1160 415 1161 411 1160 395 1155 394 1155 393 1155 292 1160 293 1188"/></Shape>
            <String CONTENT="pes inter uirgines Veſtales, in quarum numero ta¬"
                    HPOS="292.0"
                    VPOS="1153.0"
                    WIDTH="665.0"
                    HEIGHT="50.0"
                    WC="0.9958393439954641"></String>
          </TextLine>
          <TextLine ID="line_25"
                    TAGREFS="LT8"
                    BASELINE="290 1230 957 1228" 
                    HPOS="289.0"
                    VPOS="1194.0"
                    WIDTH="668.0"
                    HEIGHT="48.0">
            <Shape><Polygon POINTS="290 1230 290 1242 956 1239 957 1228 956 1200 947 1196 946 1196 945 1196 921 1200 920 1200 908 1194 907 1194 907 1194 906 1194 883 1200 882 1200 881 1200 798 1194 797 1194 797 1194 796 1194 788 1201 766 1201 734 1195 733 1195 732 1195 720 1201 720 1202 703 1202 703 1201 695 1195 694 1195 693 1195 693 1195 632 1202 549 1202 531 1195 530 1195 529 1195 477 1196 476 1196 464 1201 342 1196 341 1196 340 1196 325 1203 289 1203 290 1230"/></Shape>
            <String CONTENT="men non deerant ſcorta Corinthiaca) præfecerunt rei"
                    HPOS="289.0"
                    VPOS="1194.0"
                    WIDTH="668.0"
                    HEIGHT="48.0"
                    WC="0.9919492520538031"></String>
          </TextLine>
          <TextLine ID="line_26"
                    TAGREFS="LT8"
                    BASELINE="295 1277 958 1272" 
                    HPOS="294.0"
                    VPOS="1236.0"
                    WIDTH="664.0"
                    HEIGHT="65.0">
            <Shape><Polygon POINTS="295 1277 295 1301 308 1301 308 1300 309 1300 310 1300 321 1291 368 1291 386 1299 388 1300 389 1300 390 1300 391 1300 394 1299 406 1295 413 1299 414 1299 415 1299 416 1299 468 1298 469 1298 471 1298 500 1290 534 1297 543 1298 544 1299 585 1299 585 1298 586 1298 587 1298 589 1296 598 1290 630 1290 643 1296 648 1297 649 1297 650 1297 697 1296 698 1296 699 1296 699 1295 710 1289 730 1294 731 1294 732 1294 735 1294 771 1291 776 1294 783 1296 784 1296 785 1296 867 1296 868 1296 879 1292 893 1288 957 1290 958 1272 957 1244 900 1244 889 1236 888 1236 887 1236 870 1236 869 1236 868 1236 867 1236 858 1243 840 1240 839 1240 817 1244 816 1244 815 1244 765 1239 764 1239 732 1245 730 1245 730 1245 713 1239 712 1239 711 1239 680 1245 680 1245 671 1238 670 1238 669 1238 646 1238 645 1238 644 1238 621 1246 619 1246 618 1246 600 1239 599 1239 564 1239 564 1239 563 1239 539 1246 537 1247 515 1247 515 1246 508 1240 507 1240 506 1240 472 1240 471 1240 470 1240 459 1246 411 1240 410 1240 409 1240 408 1240 400 1247 399 1247 396 1247 374 1241 374 1241 373 1241 372 1241 358 1247 337 1241 337 1241 336 1241 335 1241 334 1241 325 1247 325 1247 294 1247 295 1277"/></Shape>
            <String CONTENT="pub. legibus adde &amp; ſacris functionibus. Cauſas di¬"
                    HPOS="294.0"
                    VPOS="1236.0"
                    WIDTH="664.0"
                    HEIGHT="65.0"
                    ></String>
          </TextLine>
        </TextBlock>
        <TextBlock HPOS="881"
                   VPOS="1292"
                   WIDTH="77"
                   HEIGHT="38"
                   ID="block_2"
                   TAGREFS="BT17">
          <Shape><Polygon POINTS="958 1292 958 1330 883 1330 881 1292"/></Shape>
          <TextLine ID="line_27"
                    TAGREFS="LT8"
                    BASELINE="883 1318 955 1318" 
                    HPOS="883.0"
                    VPOS="1283.0"
                    WIDTH="72.0"
                    HEIGHT="58.0">
            <Shape><Polygon POINTS="883 1318 883 1334 898 1340 899 1340 900 1341 926 1341 926 1340 926 1340 927 1340 927 1339 932 1336 934 1333 954 1336 955 1318 955 1290 926 1290 925 1288 920 1284 920 1283 919 1283 918 1283 917 1283 883 1286 883 1318"/></Shape>
            <String CONTENT="uina"
                    HPOS="883.0"
                    VPOS="1283.0"
                    WIDTH="72.0"
                    HEIGHT="58.0"
                    WC="0.9728454351425171"></String>
          </TextLine>
        </TextBlock>
      </PrintSpace>
    </Page>
  </Layout>
</alto>
