1000 1547
198 99 335 53 AD TIM. CAP. II.

612.0 106.0 75.0 46.0 122

25.0 152.0 664.0 56.0 pertinet ſactimonia & caſtitas ſiue pudicitia & ſo¬

24.0 202.0 665.0 45.0 brietas. Debent enim mulieres animo et corpore inte¬

26.0 240.0 663.0 55.0 græ & ſanctæ eſſe, deinde caſtæ & ſobriæ in dictis fa¬

24.0 288.0 663.0 49.0 ctis moribus deni toto corporis geſtu & habitu, Ti¬

22.0 331.0 665.0 48.0 tũ 2. Mulier enim impudica monſtrum uerius hominis

21.0 373.0 666.0 51.0 quam homo est. Hiſce aũt cæteris́ uirtutibus ſarciẽt

21.0 415.0 662.0 53.0 inquit Paulus, quod in primo illo lapſu diminutũ est,

20.0 461.0 667.0 52.0 quod ſcilicet hominis partes et officia attinet, aliâs ne¬

20.0 506.0 668.0 47.0 mo negare poteſt omne reparationis preciũ et meritũ

22.0 548.0 665.0 52.0 paßioni dominicæ deberi. Doceant ergo epiſcopi ſan¬

21.0 593.0 666.0 49.0 cti quod nõ puduit ſanctißimum Chriſti apoſtolũ Pau¬

20 631 661 53 lũ docere. Quidã non ſuſtinentes doctrinã ſanã ad fa¬

18 676 658 51 bulas conuertũtur et nugãtur de uita monaſtica ac uir¬

23.0 722.0 664.0 53.0 ginitate quã interim ſanctißimam deo́ gratißimam

20.0 766.0 667.0 50.0 eſſe credimus, ſi modo eiuſmodi ſit qualẽ deſcribit a¬

22.0 809.0 665.0 51.0 poſtolus 1. Cor. 7. Cæterũ coactam illã et inuoluntari¬

21.0 855.0 663.0 48.0 am adeo́ et immũdam non damnare non poſſumus,

21.0 898.0 667.0 51.0 quod certo ſciamus deo probari placereq́ ſanctimoni¬

20.0 942.0 669.0 50.0 am cũ animi tũ corporis. Vnde & apoſtolus præcepit

19.0 985.0 668.0 48.0 corpora noſtra poßideamus in ſanctimonia et hono¬

19.0 1034.0 668.0 45.0 re & nõ in cõcupiſcentia, alibi quo commendans

20.0 1072.0 669.0 43.0 connubiũ ſanctum et immunditiam damnãs. Honora

21.0 1113.0 660.0 54.0 bile ait est cõnubiũ apud omnes et cubile impollutum,

23.0 1161.0 570.0 49.0 ſcortatores autem et adulteros iudicabit deus.

101 1210 491 45 DESCRIPTIO EPISCOPI ET

257.0 1245.0 170.0 57.0 familiæ eius.

502.0 1297.0 15.0 55.0 q

556 1299 29 50 2

692 631 124 47 Cœlibatus

686 667 129 54 monaſtico¬

686 697 59 37 rum.
