1000 1547
203 100 344 57 AD TIM. CAP. II.

656.0 110.0 51.0 49.0 111

23.0 152.0 670.0 57.0 mus neceßitatem ne preces certo tẽpori affigamus.

24.0 198.0 670.0 54.0 Liberum enim est Chriſtianis & locum et tempus de¬

24.0 242.0 672.0 52.0 ſignare precibus maxime idoneum. Certè matutinum

20.0 285.0 676.0 53.0 tempus nemo improbare poteſt, ut ſcilicet ieiuni ac ſo

20.0 328.0 665.0 55.0 brij ſimul cum luce Deo noſtras preces offeramus &

19.0 372.0 676.0 54.0 uerbo eius eruditi protinus ad operas & negotiatio¬

16 413 667 53 nes noſtras digrediamur. Deinde enumerat Paulus cer¬

18.0 460.0 672.0 54.0 tas orationis ſpecies, ſub his nimirũ omnes intelligẽs.

18.0 502.0 676.0 58.0 Eraſmus ex Græcanicis ſcholijs tria priora ſic diſcri¬

18.0 548.0 677.0 53.0 minat ut Paulus δέησιν uocarit qua rogamus ut libe¬

18.0 591.0 675.0 57.0 remur à malis et ideo Ambroſium eleganter uertiſſe

19.0 635.0 673.0 55.0 deprecationem, προσευχήν autem eſſe qua preca¬

19.0 681.0 675.0 54.0 mur ut nobis contingant bona, ἔντευξιν uero cum

21.0 723.0 672.0 57.0 querimur de his qui nos lædunt. Et multo uenuſtius

20.0 768.0 673.0 55.0 hæc omnia Paraphraſi explicans, Primum deprecen¬

18.0 812.0 666.0 54.0 tur, inquit, Deum ut auertat omnia quæ turbant &

19.0 856.0 672.0 55.0 inquietant ſtatum religionis ac reip. Deinde poſtulẽt

20.0 899.0 673.0 55.0 ab eo quæ faciunt ad negotium pietatis & tranquilli

19.0 943.0 674.0 55.0 tatẽ reipublicæ. Sub hæc aduerſus eos qui perſequun¬

19.0 987.0 674.0 52.0 tur gregem Chriſti, nihil aliud quàm præſidium eius

19.0 1030.0 674.0 57.0 implorent. Poſtremo pro his quæ Dei beneficio conti

21.0 1076.0 673.0 53.0 gerunt agantur gratiæ. Habes in his quatuor ſpecie¬

20.0 1117.0 674.0 57.0 bus orationis opinor reliquas omnes. Habes item quid

25.0 1162.0 653.0 56.0 & pro quibus orandũ ſit, quanquã ea ipſa cõſequen¬

18 1202 665 58 tibus copioſius exprimantur, nempe pro omnibus ho¬

18 1245 667 71 minibus. Nam Chriſtianorum eſt imitari exemplum

695 400 114 60 Orationie

695 446 90 42 ſpecies.

693 1175 112 44 Pro qui¬

695 1213 93 38 bus &

693 1241 122 43 quid oran¬

691 1267 93 63 dum ſit,
