1000 1547
231.0 98.0 331.0 54.0 AD TIM. CAP. II.

690 116 48 58 113

44.0 149.0 663.0 64.0 quidem quàm utilior, Cum deus uelit omnes homines

42.0 197.0 663.0 60.0 ſaluos fieri, qui fiat ut non omnes ſaluentur? Nec igno¬

36.0 240.0 669.0 63.0 ro quid hic à pleris reſponſum & quàm odioſe cõ¬

36.0 287.0 669.0 53.0 certatum ſit maximo etiam cum diſpendio & ſcanda¬

33.0 326.0 670.0 63.0 lo piarum mentium. Alij enim gratiam illam dei qua

34.0 369.0 663.0 65.0 ſola beamur propè ad blaſphemiamuſ defenderũt,

31.0 418.0 672.0 56.0 reijcientes in Deum omnium peccatorum culpam. A¬

32.0 458.0 671.0 59.0 lij uero iſtud offendiculum uitare uolentes huc prola¬

39.0 502.0 663.0 59.0 pſi ſunt ut & ipſi non citra blaſphemiam dei tribue¬

31.0 546.0 668.0 61.0 rint homini quæ dei ſunt. Vt enim illi nihil relinquũt

30.0 588.0 670.0 63.0 homini ne peccata quidem: ita hi nihil non tribuunt

30.0 633.0 670.0 61.0 uiribus hominis. Vtrin peccatum est & utriſ u¬

31.0 675.0 669.0 63.0 ſu uenit quod prouerbio dicitur, Incidit in Scyllam cu

31.0 721.0 668.0 60.0 piens uitare Charybdim. Multo prudentius & religi

31.0 763.0 668.0 62.0 oſius uidentur mihi hanc quæſtionem expedijſſe uete¬

30.0 808.0 670.0 62.0 res, qui de ipſa aduerſum Pelagianos diſputarunt co¬

32.0 852.0 666.0 62.0 pioſißime, at ita ut quæcun hominis ſunt relique

30.0 895.0 669.0 56.0 rint homini, quæ uero dei ſunt Deo. D. Ambroſius ſi¬

30.0 940.0 669.0 58.0 ue alius quiſpiam uir ſanctus & doctus de hac re ædi¬

30.0 983.0 669.0 58.0 dit libros duos inſcriptos De uocatione omnium Gen¬

30.0 1027.0 669.0 58.0 tium, in ijs tandem negotium totum in hoc contraxit

30.0 1071.0 669.0 59.0 compendium, remotis abdicatis́ omnibus concerta¬

30.0 1113.0 670.0 62.0 tionibus quas intemperantium diſputationum gignit

30.0 1158.0 669.0 61.0 animoſitas tria eſſe perſpicuum est quibus in hac quæ

30.0 1200.0 663.0 61.0 flione debeat inhæreri. Vnum quod profitendum est,

30.0 1246.0 666.0 74.0 Deum uelle omnes homines ſaluos fieri & in agnitio

545 1326 22 31 P
