1000 1547
184 99 320 45 AD TIM. CAP. II.

639 91 58 55 110

25 142 669 53 ut intelligeret Lector quales fuerint olim cœtus eccle¬

27 189 662 53 ſiaſtici, quod́ piæ antiquitatis pro ſe nihil habeant,

25 233 669 51 qui hodie abuſum Miſſarum omnibus eccleſijs ut ritũ

24 278 670 49 apoſtolicum obtrudere uolunt, adeo́ & contendunt

24 321 669 51 hæreticos eſſe quotquot Miſſas ſuas uulgo receptas

21 362 665 49 non adorant. Imò adijcio his quod illis nouum fore nil

23 408 663 48 ambigo, Gregorium uidelicet eius nominis primum

23 451 651 52 antiſtitẽ Romanum annis ab hinc ni fallor noningen¬

21 495 665 50 tis, cui & Miſſas maxime debemus, nullam tamen ec¬

24 538 669 55 cleſiam ad ritum coëgiſſe uel ſuum uel præſcriptum

24 584 669 52 aliás. Id quod inde liquet quod Auguſtino epiſcopo

26 626 669 54 Cantuarienſi ſcribenti percontanti́, Cum una ſit ſi

25 673 662 49 des cur ſunt eccleſiarum diuerſæ conſuetudines &

25 715 672 53 aliter conſuetudo Miſſarum in ſancta Romana eccle¬

27 760 668 50 ſia at́ aliter in Galliarum eccleſijs tenetur? Gre¬

28 804 669 52 gorius in hæc uerba reſpondet, Nouit fraternitas tua

25 848 672 46 Romanæ eccleſiæ conſuetudinem in qua ſe meminit

28 892 669 49 nutritum quàm ualde amabilem te habeat. Sed mihi

29 935 669 50 placet ut ſiue in Romana, ſiue in Galliarum, ſiue in

27 977 670 55 qualibet eccleſia aliquid inueniſti quod plus omnipo¬

27 1025 671 49 tenti Deo poßit placere ſollicite eligas in Anglorum

27 1066 672 52 eccleſia quæ adhuc ad fidem noua est inſtitutione præ

28 1111 671 52 cipua quæ de multis eccleſijs colligere potuiſti infun¬

29 1155 671 49 das. Non enim pro locis res ſed pro bonis rebus loca

30 1197 668 54 amanda ſunt. Ex ſingulis ergo quibus́ eccleſijs quæ

32 1240 666 68 pia quæ religioſa quæ recta ſunt elige & hac quſi

695 359 129 43 Olim nemo

692 397 133 31 ad præſcri¬

692 421 129 37 ptũ Miſſa¬

692 454 123 29 rum ritum

691 478 133 41 ſeruandum

696 506 94 41 coactus.
