1000 1547
218 96 339 50 AD TIM. CAP. II.

655 108 55 46 115

49.0 143.0 665.0 58.0 apud Auguſtinum contra Pelagianos inuenies, & pla¬

47.0 193.0 669.0 51.0 ne uerum est. Impij enim non ſaluantur ſed pij tantum.

48.0 235.0 668.0 54.0 Cæterum illi non habent quod Deo qui pro bonitate

48.0 280.0 666.0 50.0 ſua uoluit eos ad agnitionem ueritatis uenire, ſuæ dam¬

46.0 324.0 667.0 50.0 nationis & impietatis culpam impingant. Non enim

47.0 368.0 668.0 52.0 ſequitur præſcientiam dei nos ad res impias affige¬

44.0 412.0 672.0 51.0 reut culpam peccati in Deum reijcere poßimus. Re¬

44.0 456.0 669.0 51.0 cte enim D. Auguſtinus Tracta. in Ioan.53. Non pro¬

44.0 500.0 668.0 53.0 pterea quenquam deus ad peccandum cogit quia fu¬

42.0 544.0 670.0 49.0 tura hominum peccata iam nouit. Ipſorum enim præ¬

43.0 586.0 674.0 54.0 ſciuit peceata, non ſua non cuiusquã alterius ſed ipſo¬

43.0 634.0 669.0 48.0 rum. Fecerunt ergo peccatum Iudæi, quod eos non

43.0 673.0 670.0 52.0 compulit facere, cui peccatum nõ placet, ſed facturos

44.0 716.0 671.0 52.0 eſſe prædixit quem nihil latet. Et ludas non ideo pro¬

44.0 762.0 668.0 50.0 didit dominum quod ita de eo ſcriptum eſſet, ſed ideo

44.0 806.0 664.0 51.0 de eo ſcriptum erat quod deus præſciret auaritia &

42.0 847.0 673.0 51.0 deſperatione animum ipſius fore corrumpendum. Ob¬

44.0 891.0 669.0 54.0 ijcis, Atqui ratione pari conſequetur ut quia uiderit

42.0 936.0 671.0 48.0 deus fidelium bona opera prædeſtinarit eos ad uitam

43.0 978.0 673.0 53.0 æternam, unde conſequatur electionẽ dei pendere à

43.0 1025.0 670.0 49.0 noſtris meritis. Nequaquam. Nam mala quæ ex corru¬

45.0 1066.0 670.0 52.0 ptione & labe primaria uere noſtra ſunt puniuntur

44.0 1109.0 670.0 52.0 in nobis iuſtitia dei: ſed gratia dei electi ſumus ad uitã

46.0 1153.0 667.0 53.0 uon propter opera noſtra, ſed propter ſanguinem

45.0 1197.0 671.0 52.0 Chriſti. 2. Timoth. 1. Hæc in præſenti ex uetuſtis ſcri¬

46.0 1239.0 669.0 67.0 ptoribus præcipuiſ́ religionis noſtræ antiſtitibus pro

503 1298 76 62 P 3
