1000 1547
173.0 91.0 364.0 53.0 AD TIM, CAP. II.

644.0 93.0 65.0 61.0 108

31.0 144.0 670.0 52.0 gari lingua fiebant & recitabantur ad utilitatem om

30.0 189.0 669.0 52.0 nium. Nihil hic erat uenale. Nullus uel emptor uel

28.0 233.0 670.0 51.0 uenditor negotiabatur in æde ſacra. Nullum erat di¬

30 275 661 55 ſcrimen inter plebem & ſacerdotem, niſi quod hic ꝓ

28.0 319.0 671.0 53.0 miniſterio ſuo et inflitutione ſacris præerat. Et ne quid

26.0 364.0 672.0 51.0 hac in re dißimulem cœtus eccleſiaflici ante annos mil¬

25.0 405.0 673.0 55.0 le fuerunt huiuſmodi. Confluebat in ædem ſacram cul¬

25.0 452.0 668.0 51.0 tus diuini gratia populus. Dum autem ingrederetur

24.0 495.0 671.0 54.0 ædem, ab ijs qui iam conuenerant Pſalmi aliquot in a¬

24.0 538.0 669.0 54.0 lijs quidem eccleſijs canebantur in alijs recitabantur

24.0 584.0 670.0 51.0 tantum, donec uniuerſus cœtus plenè coiſſet. Hoc ue¬

24.0 627.0 670.0 50.0 ro ſacrorum initium ab introeundo appellarunt in¬

23.0 669.0 671.0 50.0 troitum. Iam ubi cõueniſſet eccleſia acclamabatur ab

24.0 713.0 670.0 51.0 omnibus unanimi concentu κύριε ἐλέησον kyrie elei¬

26.0 755.0 667.0 53.0 ſon, Domine miſerere. Addebatur à quibuſdam Hym¬

23.0 800.0 670.0 50.0 nus qui dicitur angelicus, cuius initium est Gloria in

24.0 845.0 669.0 52.0 excelſis Deo. Hic est gratulatorius & deprecatorius.

24.0 888.0 668.0 50.0 Hoc finito collectã recitabat miniſter aliꝗs eccleſiæ.

23.0 936.0 666.0 47.0 Ea erat orationis ſpecies qua totius eccleſiæ uota &

23.0 977.0 670.0 47.0 neceßitates collectæ Deo recitabantur. Deinde præ¬

24.0 1019.0 669.0 51.0 legebatur à Diaconis eruditioribus locus aliquis ſiue

23.0 1062.0 671.0 52.0 ex libris propheticis ſiue literis apoſtolicis pro tempo

23.0 1104.0 671.0 50.0 ris loci & populi ratione delectus. His abſolutis in æ¬

24.0 1149.0 674.0 52.0 ditiorem locum per gradus aſcendebat epiſcopus euan¬

26.0 1194.0 670.0 50.0 gelium Chriſti prædicaturus. Plebs interim carmine

24.0 1235.0 676.0 63.0 concepto ſancti ſpiritus gratiam implorabat, quod à

485 1285 23 46 o

530 1282 36 63 4
