1000 1547
346.0 93.0 473.0 58.0 COMMENT. IN L. EPIST.

332.0 147.0 625.0 59.0 Proximum sanæ doctrinæ quod ecclesia Christi ha

298 194 656 56 bet preces sunt sacræ, sub quas refero Cœnam gratu¬

296 235 660 58 latoriam sacrificium scilicet laudis & gratiarum acti

305 283 649 56 onis. Et in Actis cap.2.legimus de primitiua ecclesia,

297.0 327.0 662.0 54.0 Erant autem perseuerantes in doctrina apostolorum

295.0 368.0 666.0 56.0 & communicatione & fractione panis & precatio¬

294.0 412.0 668.0 56.0 nibus. Baptismi autem pauló ante hæc uerba memine¬

294.0 453.0 667.0 58.0 rat Lucas. Proinde satis fuerit ecclesiæ sanctæ si habe¬

294.0 499.0 669.0 54.0 at doctrinam sanam id est euangelicam, prædicantẽ

294.0 544.0 667.0 53.0 in nomine Christi pœnitentiam & peccatorum remis

296.0 586.0 667.0 57.0 sionem, item prophetiam id est lectionem ac expositi

295.0 631.0 668.0 56.0 onem scripturarum piam, preces deni & cœnam

298.0 673.0 666.0 56.0 mysticam, quibus addimus eleemosynam at Baptis¬

298.0 718.0 668.0 52.0 mum. De quibus diximus & in 2. & 20.cap. Act. a¬

300.0 760.0 666.0 57.0 posto. & in 1. ad Corin.11.cap. Certe apud uetustißi¬

299.0 804.0 665.0 52.0 mas ecclesias in cœtibus sacris plura istis non habuere

300.0 845.0 666.0 57.0 Christiani ad iustam institutionem ordinationem́ ec¬

299.0 891.0 670.0 56.0 clesiasticam necessaria. Temporum succeßione & pa¬

300.0 934.0 667.0 55.0 storum negligentia factum est ut istorum uestigia uix

300.0 977.0 662.0 54.0 appareant, de doctrina prophetia precibus sacris &

300.0 1023.0 668.0 50.0 cœna mystica loquor. Nam hæc corrupit auaritia su¬

303.0 1064.0 663.0 54.0 perstitio et innouandi studium. Inde enim irrepsere ab

301.0 1111.0 661.0 50.0 usus missarum, sacrificia pro mortuis, murmur &

301.0 1152.0 668.0 49.0 cantus templorum. Olim in cœtibus sacris paucißimæ

302.0 1193.0 667.0 56.0 conspiciebantur Ceremontæ, & quæ erant uel ad do¬

303.0 1239.0 664.0 61.0 ctrinam uel ad preces pertinebant. Omnia uero uul¬

909.0 1285.0 60.0 61.0 gari

160 195 129 40 Cœtus ec¬

159 229 117 34 clesiastici

158 255 134 36 ueterũ qua

161 287 129 48 les fuerint.
