1000 1547
393 82 466 51 COMMENT. IN I. EPIST.

289.0 134.0 662.0 61.0 præſens Pauli locus, iam ut ſingula repetamus & ex¬

294 183 659 58 plicemus diligentius, Vnus inquit est Deus, quo non

289.0 226.0 663.0 55.0 excludit uel ſpiritum ſanctum uel filium qui non ſepa¬

290.0 269.0 663.0 54.0 ratur à ſubſtautia patris, ſubſtantia autem unus est

289.0 310.0 666.0 56.0 deus, perſona trinus, unitas ergo illa nontam ad ſub¬

288.0 355.0 667.0 56.0 ſtantiam dei refertur quàm ad homines, qui unum id

289.0 400.0 667.0 55.0 est communem habent Deum. Ita etiã unus id est cõ¬

289.0 445.0 666.0 50.0 munis omnium mediator eſt Chriſtus Ieſus, ut hunc ne¬

291.0 487.0 663.0 51.0 mo ſibi peculiariter uendicare poßit. Non enim pro

290.0 529.0 666.0 56.0 una aliqua gente, ſed pro omnibus ſeſe impendit. Ve¬

290.0 573.0 667.0 54.0 rũ uidentur hæ̃c quod ipſauis euangelij in ipſis late¬

292.0 617.0 667.0 51.0 at altius eſſe repetenda. Mediator non est inter cõſen¬

289.0 658.0 668.0 55.0 tientes ſed dißidentes. Qui enim concordant nullo o¬

294.0 704.0 663.0 48.0 pus habent conciliatore. Et mediator & conciliator

292.0 744.0 663.0 56.0 equipollent, ubi ita mediator est ibi dißidium at

294.0 794.0 658.0 47.0 partes ſunt. Et in præſentiarum partes ſunt Deus &

291.0 833.0 666.0 53.0 Homo. Hæ inter ſe dißident. Cauſa uero dißidij eſt pec¬

291.0 879.0 666.0 48.0 catum. At hoc non expiatur citra mortem & ſangui¬

293.0 922.0 666.0 50.0 nem. Oportet ita huius dißidij mediatorem cum ho¬

293.0 966.0 664.0 50.0 minibus participare carne & ſanguine adeo́ & ue¬

292.0 1007.0 665.0 52.0 rum hominem eſſe qui mori & ſanguinem effundere

294.0 1049.0 663.0 55.0 poßit. Iam ſi nihil aliud quàm homo ſit & ſanguis e¬

294.0 1094.0 665.0 52.0 ius nihil differat à reliquo corruptorum hominũ ſan¬

295.0 1137.0 665.0 53.0 guine, non expiabit peccatum dißidij cauſam, imõ ni¬

294.0 1182.0 663.0 51.0 ſi Deus quo ſit hic mediator ad deum nequaquam ac¬

293.0 1227.0 665.0 60.0 cedere poterit. Oportet enim mediatorem utri par¬

932.0 1270.0 25.0 54.0 ti

161 179 122 53 Vnus deus

166.0 638.0 113.0 48.0 Vnus me¬

161.0 673.0 90.0 54.0 diator.
