1000 1547
392 109 453 44 COMMENT. IN I. EPIST.

288.0 149.0 666.0 62.0 mam animi non corporis cultum adhibeant, non nudi¬

287.0 199.0 673.0 55.0 tate corporis uirorum oculos ad libidinem ſollicitan¬

288.0 243.0 668.0 55.0 tes, ſed amictu tectæ & eo amictu qui modeſtiam qui

288.0 287.0 668.0 55.0 pudorem qui pudicitiam præ ſe ferat. Abſit autem ut

288.0 330.0 668.0 55.0 Chriſtianæ mulieres eo cultu prodeant in cœtum ſa¬

288.0 373.0 670.0 55.0 crum quo uulgus prophanarum mulierum ſolet ad

285.0 417.0 673.0 54.0 nuptias aut theatrum exire, quæ ſe multo ſtudio pri¬

288.0 464.0 669.0 47.0 us ornant ad ſpeculum arte contortis crinibus, aut

287.0 505.0 671.0 50.0 auro intertexto, aut pendulis ab auribus collõue mar¬

288.0 550.0 668.0 53.0 garitis, aut alioqui holoſerica purpureáue ueſte quo

288.0 593.0 669.0 51.0 ſimul & formam ſpectatoribus lenocinio commendẽt

287.0 637.0 670.0 52.0 & ſuas oſtentantes opes tenuioribus ſuam inopiam

287.0 679.0 670.0 52.0 exprobrent. Quin is ſit potius Chriſtianarũ habitus

288.0 722.0 670.0 54.0 qui uitæ reſpondeat qui dignus uideri poßit ijs mulie¬

288.0 769.0 666.0 49.0 ribus quæ ueram pietatem ac dei cultũ profiteantur,

288.0 810.0 670.0 53.0 non oſtentatione diuitiarum ſed benefactis quibus opi¬

288.0 856.0 670.0 48.0 bus unice delectatur Deus, cuius oculis fœdum est

288.0 895.0 670.0 56.0 quod mundo uidetur ſplendidũ & magnificum. Hæc

290.0 941.0 670.0 52.0 paraphraſtes. Paria propemodum reperies in 2.ad Co¬

288.0 983.0 671.0 53.0 rinth.12.& 1.Pet.3. cap. Tertullianus ſcripſit libel¬

288.0 1025.0 671.0 53.0 lum de Cultu fœminarum eruditißimum & utilißi¬

288.0 1071.0 672.0 50.0 mum, quem hiſce uerbis mire uidelicet ad præſentia

288.0 1113.0 673.0 52.0 facientibus concludit, Prodite uos iam medicamentis

289.0 1158.0 672.0 50.0 & ornamentis extructæ apoſtolorum, ſumentes de

288.0 1199.0 674.0 53.0 ſimplicitate candorem, de pudicitia ruborem, depictæ

289.0 1242.0 671.0 60.0 oculos uerecundia & ſpiritus taciturnitate, inſeren¬

914.0 1291.0 47.0 45.0 tes
