1000 1547
216 108 350 49 AD TIM. CAP. II.

655 116 65 46 114

59.0 149.0 665.0 65.0 inquit liquidius & melius nouit ſe poſſe & confidit

56.0 201.0 667.0 54.0 exponere, abſit ut non ſim paratior diſcere quàm do¬

55.0 244.0 668.0 55.0 cere, tantum ne audeat quiſquam liberum arbitrium

54.0 286.0 669.0 56.0 ſic defendere ut nobis orationem qua dicimus, Ne nos

51.0 330.0 670.0 55.0 inferas in tentationem, conetur auferre: rurſus ne quis

50.0 376.0 673.0 53.0 neget uoluntatis arbitrium & audeat excuſare pecca¬

50.0 418.0 670.0 54.0 tum. Sed audiamus dominum & præcipientem & o¬

52.0 462.0 661.0 54.0 pitulantem & iubentem quid facere debeamus, &

50.0 507.0 673.0 55.0 adiuuantem ut implere poßimus. Nam & quoſdam ni¬

49.0 549.0 669.0 56.0 mia uoluntatis ſuæ fidutia extulit in ſuperbiã, & quoſ

49.0 593.0 674.0 54.0 dam nimia uoluntatis ſuæ diffidentia deiecit in negli¬

52.0 640.0 671.0 50.0 gentiam. Illi dicunt, Vt quid rogamus Deum ne uinca

49.0 684.0 674.0 51.0 mur tentatione quod in noſtra eſt poteſtate? iſti di¬

49.0 724.0 673.0 53.0 cũt, Vt quid conamur bene uiuere quod in dei eſt po

49.0 769.0 673.0 53.0 teſtate? O domine ô pater qui es in cœlis ne nos inferas

49.0 811.0 672.0 53.0 in quamlibet iſtarum tentationum, ſed libera nos à

49.0 857.0 670.0 51.0 malo. Audiamus dominum dicentem, Rogaui prote

48.0 898.0 671.0 50.0 Petre ne deficiat fides tua. Nec ſic exiſtimemus fidem

49.0 942.0 672.0 54.0 noſtram eſſe in libero arbitrio ut diuino non egeat ad

47.0 987.0 676.0 53.0 iutorio. Audiamus & euangeliſtam dicentem, Dedit

49.0 1032.0 673.0 51.0 eis poteſtatem filios dei fieri ne omnino exiſtimemus

52 1071 661 59 in noſtra poteſtate non eſſe quod credimus uerum in

49.0 1120.0 674.0 52.0 utroq; illius beneficia cognoſcamus. Nam & agendæ

51.0 1161.0 673.0 55.0 ſunt gratiæ quia data est poteſtas & orandum ne ſuc¬

51.0 1205.0 674.0 54.0 cumbat infirmitas. Ipſa est fides quæ per dilectionem

49.0 1248.0 675.0 66.0 operatur ſicut eius menſuram dominus cui partitus

486 1300 34 61 P

553 1298 32 55 2
