1000 1547
200 91 330 44 AD TIM. CAP. II.

668.0 94.0 46.0 47.0 117

57.0 134.0 668.0 58.0 ti communem eſſe. Verè enim Chryſoſtomus, Homo

56.0 183.0 668.0 53.0 inquit purus mediator nunquam penitus fieret. Opor¬

55.0 225.0 668.0 55.0 tebat enim huiuſmodi mediatorem cum Deo colloqui.

54.0 268.0 670.0 56.0 Deus item ſolus mediator eſſe non poſſet. Ne enim

56.0 310.0 668.0 57.0 ſuſcepiſſent eum hi quorum mediator accederet. Pro

54.0 355.0 672.0 54.0 inde diuino conſilio uerbum caro factum est. Et Pau¬

53.0 399.0 670.0 53.0 lus in præſenti non citra emphaſim dixit, Homo Chri¬

54.0 443.0 669.0 53.0 ſtus Ieſus. Quaſi dicat, In hoc hominem induit Chri¬

53.0 489.0 669.0 55.0 ſtus Ieſus ut mediatorem agere poſſet. Verus ergo De

51.0 531.0 671.0 56.0 us & uerus homo est Chriſtus. Hic dedit ſemetipſum

52.0 576.0 671.0 53.0 præcium redemptionis pro omnibus. Semetipſum in¬

52.0 617.0 670.0 59.0 quam. Non enim per alium offerri potuit. ſed per ſpi¬

49.0 666.0 671.0 50.0 ritum æternum ſeipſum obtulit immaculatum deo. He¬

50.0 706.0 669.0 57.0 bræ.7.9. Et propheta, Oblatus est inquit quoniã ipſe

49.0 753.0 671.0 52.0 uoluit. Deni ipſe dominus, Panis quem ego dabo ait

49.0 794.0 671.0 54.0 caro mea eſt quam ego impendam pro mundi uita. Et

49.0 837.0 672.0 55.0 uerbum quo hic utitur apoſtolus ἀντίλυτρον id ſi¬

52.0 882.0 662.0 54.0 gnificat præcium quo redimũtur captiui ab hoſtibus,

49.0 927.0 672.0 52.0 eam́ commutationem qua capite caput uita redimi¬

49.0 971.0 672.0 53.0 tur uita. Ita ergo impendit ſe pro nobis dominus ut ſua

49.0 1014.0 670.0 55.0 morte nos uiuificaret, ſuo ſanguine expiaret, & ex

48.0 1056.0 671.0 52.0 maledictis faceret benedictos dei filios. Neminem ex¬

48.0 1099.0 666.0 56.0 cluſit hic niſi qui ſeſe excludit ſua ingratitudine &

49.0 1145.0 668.0 54.0 perfidia. Hinc Paulus Impendit ſe ait pro omnibus.

50.0 1188.0 662.0 55.0 Quod autem alij hinc colligunt omnes etiam perfidiſ¬

49.0 1232.0 667.0 66.0 fimos fore ſaluandos, petulanter blaſphemant. Qui e¬

514 1293 35 65 P

575 1293 25 50 5
