1000 1547
390 107 448 43 COMMENT. IN I. EPIST.

350.0 150.0 600.0 64.0 Nam hoc bonum eſt & acce¬

293.0 203.0 660.0 67.0 ptum corã ſeruatore noſtro Deo,

288.0 258.0 669.0 66.0 qui cunctos homines uult ſaluos

288.0 313.0 670.0 71.0 fieri & ad agnitionem ueritatis ue

288.0 382.0 114.0 49.0 nire.

335.0 413.0 627.0 67.0 Quia uero preces pro incredulis & ethnicis fuſæ

290.0 464.0 671.0 55.0 uideri poterant inutiles contra́ decorum & uolun¬

292.0 503.0 673.0 62.0 tatem dei fieri, ideo iam ſuperiorũ ueluti cauſam red¬

291.0 550.0 675.0 58.0 dens addit, Nam hoc est bonum & acceptum coram

291.0 592.0 675.0 61.0 ſeruatore noſtro Deo, qui cunctos homines uult ſal¬

294.0 636.0 672.0 59.0 uos fieri & ad agnitionem ueritatis uenire. Hinc enim

295.0 678.0 672.0 62.0 ſequitur quod noſtrum ſit pro omnibus orare, nemini

295.0 724.0 673.0 59.0 ueritatis doctrinam denegare. Qui enim ſumus ut re¬

300.0 766.0 668.0 59.0 ſiſtamus uoluntati dei? Vult ille omnes homines ſaluos

300.0 807.0 669.0 63.0 fieri, neminem excludit à ſalute. Vult omnes ad agni¬

300.0 856.0 671.0 56.0 tionem ueritatis uenire. Inde ſcriptum est in prophe¬

301.0 897.0 668.0 61.0 tis, In omnem terram exiuit ſonus eorũ & in fines or

302.0 941.0 671.0 58.0 bis terræ uerba eorum. Cui reſpondet illud domini

304.0 984.0 668.0 61.0 præceptum, Ite in orbem uniuerſum & prædicate e¬

305.0 1028.0 669.0 60.0 uangelium omni creaturæ. Diuerſa ſunt cultoribus

305.0 1072.0 670.0 59.0 dei deſignata tempora. Non enim uniuerſi prima ſta¬

306.0 1113.0 670.0 61.0 tim hora ueniunt, quidam ſero tandem uineam domini

311.0 1160.0 664.0 60.0 ingrediuntur & eundem cum primis denarium reci¬

314 1197 662 67 piunt. Ne ergo deſperemus aut iudicemus de infideli¬

312.0 1244.0 662.0 80.0 bus temere. Solet hoc loco necti quæſtio ſpinoſior

873.0 1288.0 105.0 67.0 quidem

180 1165 100 40 Quæſtio

180 1191 125 41 prædeſtina

181 1216 126 43 tionis & li¬

183 1247 115 40 beri arbi¬

184 1280 50 45 trij.
