1000 1547
388 105 463 48 COMMENT. IN I. EPIST.

283.0 146.0 671.0 67.0 ferre libuit. Quod ſi alij melius quiddam reuelatum fu¬

283.0 195.0 670.0 55.0 erit certè cum Auguſtino diſcere quàm docere malo,

284.0 238.0 670.0 55.0 dummodo Deus non blaſphemetur et in illũ omnis cul¬

286.0 279.0 668.0 63.0 pa malitiæ & ſcelerum noſtrorum nõ reijciatur, aut

288.0 325.0 668.0 57.0 noſtris uiribus tribuatur quod reuera illius gratiæ est.

288.0 370.0 667.0 55.0 Dominus enim apud Oſeam planis uerbis pronuuti¬

288.0 410.0 669.0 60.0 at, Perditio tua Iſrael, ſed in me est auxilium tuum. Et

288.0 455.0 665.0 56.0 in euangelio dicit Chriſtus, Hieruſalem Hieruſalem,

291.0 501.0 666.0 57.0 quoties uolui te congregare ſicut gallina congregat

290.0 540.0 668.0 60.0 pullos ſuos ſub alas, & tu noluiſti. Item Daniel, Tibi

291.0 585.0 667.0 57.0 domine inquit iuſtitia, nobis autem confuſio facierum.

292.0 630.0 668.0 54.0 Et Dauid, Ne intres in iudicium cum ſeruo tuo quia

292.0 673.0 668.0 56.0 non iuſtificabitur in conſpectu tuo omnis uiuens. Non

294.0 715.0 667.0 57.0 nobis domine non nobis, ſed nomini tuo da gloriam. Iu

295.0 759.0 667.0 58.0 ſtus est dominus in omnibus uijs ſuis, & ſanctus in o¬

294.0 802.0 668.0 57.0 mnibus operibus ſuis. Et Paulus, Si adhuc uelatum est

295.0 846.0 666.0 56.0 euangelium noſtrum in his qui pereunt uelatum est

295.0 890.0 668.0 55.0 in quibus Deus huius ſæculi excæcauit ſenſus incredu

296.0 935.0 667.0 53.0 lorum ne illuceſceret illis lumen euangelij. Vt ergo u¬

295.0 977.0 668.0 55.0 no uerbo dicam omnia, Lux & ſalus à ſola dei gratia

296.0 1021.0 667.0 54.0 est, Excæcatio & damnatio à corruptione noſtra.

299.0 1063.0 663.0 55.0 Quod uero deus interim excæcare dicitur iuſtitiæ e¬

298.0 1107.0 665.0 54.0 ius est, ſecundum quam merito punit inobedientiam

300.0 1153.0 651.0 52.0 & perfidiam noſtram induratione deſperatione &

299.0 1195.0 516.0 63.0 cæcitate. Ipſi ſoli gloria in ſæcula, Amen.

890.0 1279.0 73.0 56.0 Vnus
