1000 1547
230 99 351 46 AD TIM. CAP. II.

645 91 69 53 120

52.0 143.0 668.0 52.0 tes in aurem ſermonem dei, annectentes ceruicibus iu¬

55.0 191.0 664.0 53.0 gum Ieſu Chriſti. Caput maritis ſubijcite & ſatis orna¬

51.0 236.0 661.0 51.0 tæ eritis. Manus lanis occupate, pedes domi figite &

51.0 280.0 669.0 52.0 plus quàm in auro placebunt. Veſtite uos ſerico pro¬

49.0 322.0 671.0 53.0 bitatis, byßino ſanctitatis, purpura pudicitiæ. Taliter

52.0 376.0 512.0 45.0 pigmentatæ Deum habebitis amatorem.

100.0 433.0 619.0 65.0 Mulier in ſilentio diſcat cum o¬

46.0 491.0 673.0 60.0 mni ſubiectione. Cæterum mulie¬

48.0 545.0 674.0 59.0 ri docere nõ permitto, ne autho¬

47.0 597.0 674.0 59.0 ritatem uſurpare in uiros ſed eſſe

47.0 656.0 673.0 59.0 in ſilentio. Adam enim prior for¬

46.0 708.0 674.0 61.0 matus eſt, deinde Eua, & Adam

47.0 758.0 673.0 65.0 non fuit deceptus, ſed mulier ſedu¬

49.0 813.0 669.0 64.0 cta fuit per præuaricationem: ſal¬

49.0 874.0 668.0 61.0 ua tamen fiet per generationem li¬

55 923 661 60 berorum, ſi manſerit in fide ac di¬

45.0 978.0 670.0 61.0 lectione & ſanctificatione cum ca¬

49.0 1033.0 151.0 61.0 ſtitate.

94 1109 618 55 Quo facilius à mulierculis quod præſcripſerat im¬

42 1147 668 59 petraret Legem dei profert admonens illas ſui officij

49.0 1194.0 668.0 55.0 & humilitatis. Lege autem dei præcipitur mulieribus

48.0 1237.0 666.0 64.0 obedientia ſilentium & humilitas. Eſt autem hoc ge¬

722 1106 124 38 Lex de mu¬

722 1134 120 39 lierum di¬

721 1160 97 50 ſciplina.
