1000 1547
219.0 87.0 373.0 56.0 AD TIM. CAP. II.

666.0 87.0 61.0 52.0 118

58.0 142.0 665.0 53.0 & apud Matthæum in 6. & Ioan.in 4. Porrò inde

55.0 188.0 662.0 54.0 non ſequitur, quod tamen uæſani quidam colligunt,

56.0 235.0 667.0 46.0 in templo non eſſe orandum. Non enim temere pro¬

55.0 276.0 666.0 51.0 nũtiauit dominus, Domus patris mei domus orationis

54.0 317.0 669.0 51.0 est. Et Paulus in templo non impie legitur in Actis o¬

53.0 360.0 669.0 55.0 raſſe. Quod ſi in templo & æde ſacra hoc eſt doctri¬

53.0 409.0 668.0 49.0 næ precibus & ſacramentis dicata orare non licet, cer¬

52.0 449.0 670.0 52.0 te oratio erit loco affixa. Atqui libera est, licet ita et

53.0 495.0 668.0 52.0 in æde ſacra & in quouis loco ubicun res & deco¬

53.0 538.0 665.0 51.0 rum ipſa́ neceßitas poſtulat orare. Audiamus nunc

54 580 659 52 qualis eſſe debeat oratio. Volo inquit uiros orare ſu¬

52 622 662 53 ſtollentes puras manus abſ ira & diſceptatione. Cæ¬

55.0 670.0 667.0 52.0 terum exteriori orantis habitu adumbrat qualis eſſe

55.0 715.0 668.0 52.0 debeat pie precantis animus. Eleuantur manus ad cœ¬

55.0 760.0 666.0 48.0 lum, eleuetur & mens. Obliuiſcamur rerum terrena

55.0 803.0 667.0 52.0 rum ſola cœleſtia cogitemus. Proferimus et excutimus

54.0 848.0 661.0 49.0 manus quoties palàm teſtari uolumus nos à furto &

54.0 891.0 665.0 50.0 rapina eſſe quàm alienißimos, orantes igitur excu¬

52.0 936.0 665.0 48.0 tiamus ex pectore omnem iniuſtitiam crudelitatem &

54.0 980.0 666.0 49.0 impuritatem, oremus autem mente pura & ſyncera.

53.0 1021.0 670.0 51.0 Nam apud Iſaiam in cap.2.clamat ad Iſraelem domi¬

55.0 1067.0 665.0 49.0 nus, Cum extenderitis manus ueſtras abſcondam ocu¬

52.0 1109.0 669.0 47.0 los meos à uobis & cum multiplicaueritis orationem

52.0 1155.0 670.0 48.0 non exaudiam, eo quod manus ueſtræ plenæ ſint ſan¬

53.0 1196.0 667.0 51.0 guinibus. Lauamini igitur & mundi eſtote & tollite

53.0 1242.0 660.0 61.0 malitiam conatuum ueſtrorum è conſpectu meo &

725.0 573.0 127.0 44.0 Qualis eſſe

725 611 127 51 debeat ora¬

725 638 37 43 tio.
