1000 1547
374 118 480 41 COMMENT. IN I. EPIST.

305 157 664 63 Dei patris & Ieſu Chriſti filij ſui. Ille autem ſinit ſo¬

305.0 206.0 664.0 50.0 lem ſuum oriri ſuper bonos & malos. Hic uero etiam

306.0 249.0 665.0 57.0 pro perſequutoribus orauit. Gentiles in ſacris ſuis de

305.0 293.0 666.0 56.0 uouent Chriſto addictos. At Chriſtiani pro uniuerſis

306.0 338.0 666.0 53.0 hominibus etiam inimicis & peccatoribus orare de¬

305.0 381.0 668.0 54.0 bent. Variæ item ſunt neceßitates hominum, ſunt ten¬

306.0 425.0 668.0 55.0 tationes multæ, infirmitates quo cũ animi tum cor¬

306.0 469.0 669.0 55.0 poris crebræ quibus affliguntur tum boni cum mali.

305.0 511.0 669.0 51.0 Pro his omnibus orandus est dominus. Addit, Pro re¬

307.0 554.0 662.0 57.0 gibus & omnibus ἐμ ὑπεροχῆ id est in ſublimitate &

306.0 601.0 669.0 50.0 dignitate conſtitutis: qui uidelicet in republica pro¬

306.0 643.0 669.0 57.0 ceres ſunt dignitate́ & functione aliqua ciuili emi¬

306.0 690.0 669.0 51.0 nent. Loquitur autem & de regibus ethihcis & de

307.0 733.0 663.0 52.0 magiſtratu à religione Chriſtiana alieno. Ita enim &

306.0 773.0 668.0 56.0 Ieremias ad eos qui apud idololatras in Babylone te

307.0 817.0 668.0 55.0 nebantur captiui ſcribens, unde hæc Pauli deſum¬

309.0 859.0 667.0 58.0 pta creduntur, præcipit, Et quærite pacem ciuitatis in

308.0 905.0 669.0 55.0 quam migrare feci uos illuc & orate pro ea ad domi¬

307.0 951.0 670.0 52.0 num quia in pace eius erit pax ueſtra. Et Tertullianus

308.0 993.0 668.0 54.0 ad Scapulam, Sacrificamus inquit pro ſalute Impera¬

306.0 1035.0 671.0 55.0 toris, ſed Deo noſtro & ipſius, ſed quomodo præcepit

307.0 1082.0 672.0 50.0 Deus pura prece. Non enim eget Deus conditor uni¬

309.0 1120.0 669.0 56.0 uerſitatis odoris aut ſanguinis alicuius. Hæc enim dæ¬

311.0 1168.0 666.0 52.0 moniorum pabula ſunt. Et in Apologetico cap.39.

312.0 1210.0 664.0 54.0 Coimus, inquit, in cœtum & aggregationem ut ad De

311.0 1253.0 665.0 71.0 um quaſi manu facta precationibus ambiamus oran¬

922.0 1297.0 53.0 55.0 tes.
