<?xml version="1.0" encoding="UTF-8"?>
<alto xmlns:xsi="http://www.w3.org/2001/XMLSchema-instance"
      xmlns="http://www.loc.gov/standards/alto/ns-v4#"
      xsi:schemaLocation="http://www.loc.gov/standards/alto/ns-v4# http://www.loc.gov/standards/alto/v4/alto-4-2.xsd">
  <Description>
    <MeasurementUnit>pixel</MeasurementUnit>
    <sourceImageInformation>
      <fileName>7325983.jpeg</fileName>
    </sourceImageInformation>
  </Description>
  <Tags>
    <OtherTag ID="BT7" LABEL="CustomZone" DESCRIPTION="block type CustomZone"/><OtherTag ID="BT8" LABEL="DamageZone" DESCRIPTION="block type DamageZone"/><OtherTag ID="BT9" LABEL="DigitizationArtefactZone" DESCRIPTION="block type DigitizationArtefactZone"/><OtherTag ID="BT10" LABEL="DropCapitalZone" DESCRIPTION="block type DropCapitalZone"/><OtherTag ID="BT11" LABEL="GraphicZone" DESCRIPTION="block type GraphicZone"/><OtherTag ID="BT12" LABEL="MainZone" DESCRIPTION="block type MainZone"/><OtherTag ID="BT13" LABEL="MarginTextZone" DESCRIPTION="block type MarginTextZone"/><OtherTag ID="BT14" LABEL="MusicZone" DESCRIPTION="block type MusicZone"/><OtherTag ID="BT15" LABEL="NumberingZone" DESCRIPTION="block type NumberingZone"/><OtherTag ID="BT17" LABEL="QuireMarksZone" DESCRIPTION="block type QuireMarksZone"/><OtherTag ID="BT18" LABEL="RunningTitleZone" DESCRIPTION="block type RunningTitleZone"/><OtherTag ID="BT19" LABEL="SealZone" DESCRIPTION="block type SealZone"/><OtherTag ID="BT20" LABEL="StampZone" DESCRIPTION="block type StampZone"/><OtherTag ID="BT21" LABEL="TableZone" DESCRIPTION="block type TableZone"/><OtherTag ID="BT22" LABEL="TitlePageZone" DESCRIPTION="block type TitlePageZone"/><OtherTag ID="BT2900" LABEL="MainZone-P-Continued" DESCRIPTION="block type MainZone-P-Continued"/><OtherTag ID="BT2901" LABEL="MainZone-Sp" DESCRIPTION="block type MainZone-Sp"/><OtherTag ID="BT2902" LABEL="MarginTextZone-Notes" DESCRIPTION="block type MarginTextZone-Notes"/><OtherTag ID="BT2903" LABEL="MainZone-Head" DESCRIPTION="block type MainZone-Head"/><OtherTag ID="BT2904" LABEL="MainZone-P" DESCRIPTION="block type MainZone-P"/>
    <OtherTag ID="LT7" LABEL="CustomLine" DESCRIPTION="line type CustomLine"/><OtherTag ID="LT8" LABEL="DefaultLine" DESCRIPTION="line type DefaultLine"/><OtherTag ID="LT9" LABEL="DropCapitalLine" DESCRIPTION="line type DropCapitalLine"/><OtherTag ID="LT10" LABEL="HeadingLine" DESCRIPTION="line type HeadingLine"/><OtherTag ID="LT11" LABEL="InterlinearLine" DESCRIPTION="line type InterlinearLine"/><OtherTag ID="LT12" LABEL="MusicLine" DESCRIPTION="line type MusicLine"/>
  </Tags>
  <Layout>
    <Page WIDTH="1000"
          HEIGHT="1547"
          PHYSICAL_IMG_NR="18"
          ID="eSc_dummypage_">
      <PrintSpace HPOS="0"
                  VPOS="0"
                  WIDTH="1000"
                  HEIGHT="1547">
        <TextBlock HPOS="225"
                   VPOS="81"
                   WIDTH="329"
                   HEIGHT="41"
                   ID="block_4"
                   TAGREFS="BT18">
          <Shape><Polygon POINTS="554 81 554 122 225 122 225 81"/></Shape>
          <TextLine ID="line_0"
                    TAGREFS="LT10"
                    BASELINE="235 113 542 110" 
                    HPOS="233"
                    VPOS="81"
                    WIDTH="308"
                    HEIGHT="45">
            <Shape><Polygon POINTS="517 81 504 81 491 81 478 81 465 81 452 81 440 81 427 81 414 81 401 81 388 81 375 81 362 81 349 81 336 81 323 81 310 81 298 81 285 81 272 81 259 81 246 81 233 81 234 112 234 126 540 126 541 109 538 81 530 81"/></Shape>
            <String CONTENT="AD TIM. CAP. II."
                    HPOS="233"
                    VPOS="81"
                    WIDTH="308"
                    HEIGHT="45"
                    ></String>
          </TextLine>
        </TextBlock>
        <TextBlock HPOS="654"
                   VPOS="74"
                   WIDTH="69"
                   HEIGHT="47"
                   ID="block_0"
                   TAGREFS="BT15">
          <Shape><Polygon POINTS="723 74 723 121 654 121 654 74"/></Shape>
          <TextLine ID="line_1"
                    TAGREFS="LT8"
                    BASELINE="661 110 717 113" 
                    HPOS="659"
                    VPOS="74"
                    WIDTH="57"
                    HEIGHT="51">
            <Shape><Polygon POINTS="712 74 699 74 686 74 673 74 660 74 660 109 659 117 713 125 716 112 714 74 712 74"/></Shape>
            <String CONTENT="116"
                    HPOS="659"
                    VPOS="74"
                    WIDTH="57"
                    HEIGHT="51"
                    WC="0.999968687693278"></String>
          </TextLine>
        </TextBlock>
        <TextBlock HPOS="49"
                   VPOS="132"
                   WIDTH="676"
                   HEIGHT="493"
                   ID="block_2"
                   TAGREFS="BT2903">
          <Shape><Polygon POINTS="725 132 725 625 49 625 49 132"/></Shape>
          <TextLine ID="line_2"
                    TAGREFS="LT8"
                    BASELINE="127 173 719 170" 
                    HPOS="126.0"
                    VPOS="128.0"
                    WIDTH="593.0"
                    HEIGHT="55.0">
            <Shape><Polygon POINTS="127 173 127 183 718 182 719 170 718 136 703 132 702 132 701 132 700 132 689 135 680 139 674 135 663 128 662 128 662 128 648 128 647 128 613 135 593 139 556 137 551 134 535 128 534 128 533 128 533 128 532 128 524 134 520 137 513 134 511 134 510 134 509 134 509 134 508 134 508 134 501 140 477 140 460 139 452 134 444 128 443 128 442 128 441 128 441 128 428 134 410 140 400 133 396 129 395 129 394 129 352 129 351 129 350 129 341 133 324 139 312 132 306 129 306 129 305 129 304 129 303 129 299 132 285 141 191 141 177 131 177 130 176 130 175 130 174 130 126 130 127 173"/></Shape>
            <String CONTENT="Vnus enim Deus, unus etiam"
                    HPOS="126.0"
                    VPOS="128.0"
                    WIDTH="593.0"
                    HEIGHT="55.0"
                    WC="0.9966782239767221"></String>
          </TextLine>
          <TextLine ID="line_3"
                    TAGREFS="LT8"
                    BASELINE="53 229 719 224" 
                    HPOS="52.0"
                    VPOS="181.0"
                    WIDTH="667.0"
                    HEIGHT="54.0">
            <Shape><Polygon POINTS="53 229 53 235 718 232 719 224 717 187 581 181 580 181 579 181 578 181 570 188 570 189 524 189 523 188 516 183 515 183 515 183 514 183 493 188 492 188 490 188 424 182 423 182 423 182 403 189 402 189 401 189 386 182 385 182 384 182 383 182 361 189 361 189 360 189 314 183 313 183 284 189 271 183 270 183 269 183 231 189 224 190 211 189 136 184 135 184 134 184 117 190 114 191 110 190 95 186 94 186 93 186 52 190 53 229"/></Shape>
            <String CONTENT="mediator dei &amp; hominum homo"
                    HPOS="52.0"
                    VPOS="181.0"
                    WIDTH="667.0"
                    HEIGHT="54.0"
                    WC="0.9909709890683492"></String>
          </TextLine>
          <TextLine ID="line_4"
                    TAGREFS="LT8"
                    BASELINE="55 281 721 278" 
                    HPOS="54.0"
                    VPOS="232.0"
                    WIDTH="667.0"
                    HEIGHT="67.0">
            <Shape><Polygon POINTS="55 281 55 299 136 289 161 295 162 295 163 295 164 295 175 290 189 296 190 296 190 296 191 296 207 289 293 288 321 297 325 298 326 298 327 299 384 299 384 298 385 298 388 296 402 288 435 287 506 288 523 294 531 297 532 297 533 297 546 294 570 288 581 293 586 296 587 296 588 297 619 297 619 296 619 296 620 296 624 293 632 287 647 293 651 294 652 294 653 294 662 293 690 287 720 292 721 278 718 238 671 242 662 238 647 232 646 232 645 232 644 232 644 232 635 238 630 242 608 238 600 238 599 238 582 238 536 243 517 241 515 239 506 232 505 232 504 232 411 232 410 232 409 232 386 240 374 244 304 244 297 240 286 233 285 233 284 233 230 232 229 232 228 232 227 232 219 238 159 233 158 233 157 233 156 233 144 241 138 244 125 241 94 233 93 233 92 233 54 241 55 281"/></Shape>
            <String CONTENT="Chriſtus leſus, ꝗ dedit ſemetipſum"
                    HPOS="54.0"
                    VPOS="232.0"
                    WIDTH="667.0"
                    HEIGHT="67.0"
                    WC="0.9947111659190234"></String>
          </TextLine>
          <TextLine ID="line_5"
                    TAGREFS="LT8"
                    BASELINE="57 336 721 331" 
                    HPOS="56.0"
                    VPOS="296.0"
                    WIDTH="665.0"
                    HEIGHT="58.0">
            <Shape><Polygon POINTS="57 336 57 348 85 348 98 354 98 354 99 354 258 348 334 346 352 346 357 348 361 352 362 352 363 352 364 352 383 348 400 346 419 349 431 351 432 351 445 349 460 347 543 349 587 351 588 351 595 350 628 344 719 350 721 331 718 296 633 304 592 304 582 298 579 297 578 297 577 297 576 297 573 298 559 303 545 299 539 297 538 297 537 297 522 299 503 302 491 299 478 297 478 297 477 297 464 300 446 305 321 305 318 303 313 299 312 299 312 299 282 299 282 299 281 299 271 304 267 305 206 305 65 302 64 302 63 302 62 302 56 305 57 336"/></Shape>
            <String CONTENT="precium redemptionis pro omni"
                    HPOS="56.0"
                    VPOS="296.0"
                    WIDTH="665.0"
                    HEIGHT="58.0"
                    WC="0.9843919934897587"></String>
          </TextLine>
          <TextLine ID="line_6"
                    TAGREFS="LT8"
                    BASELINE="52 389 719 384" 
                    HPOS="51.0"
                    VPOS="348.0"
                    WIDTH="668.0"
                    HEIGHT="57.0">
            <Shape><Polygon POINTS="52 389 52 397 83 404 84 405 150 405 150 404 192 396 195 396 196 396 239 403 239 403 281 401 282 401 282 401 290 395 291 395 366 395 386 395 447 402 448 402 449 402 450 402 457 397 465 400 466 400 466 400 552 393 555 393 558 393 693 400 694 400 695 400 719 391 719 384 717 354 586 348 585 348 539 354 539 354 537 354 491 348 490 348 453 354 437 356 428 354 413 349 412 349 411 349 390 353 374 348 374 348 325 348 324 348 323 348 322 348 315 354 313 354 294 354 224 349 223 349 222 349 221 349 216 354 211 358 157 360 79 360 51 354 52 389"/></Shape>
            <String CONTENT="bus, ut eſſet teſtimonium tempo¬"
                    HPOS="51.0"
                    VPOS="348.0"
                    WIDTH="668.0"
                    HEIGHT="57.0"
                    WC="0.9923774618655443"></String>
          </TextLine>
          <TextLine ID="line_7"
                    TAGREFS="LT8"
                    BASELINE="51 445 719 437" 
                    HPOS="50.0"
                    VPOS="395.0"
                    WIDTH="669.0"
                    HEIGHT="62.0">
            <Shape><Polygon POINTS="51 445 51 452 273 451 282 456 282 456 283 456 284 457 338 457 338 456 370 449 373 449 376 449 421 455 422 455 465 449 569 453 570 453 718 445 719 437 717 403 642 404 640 404 614 395 613 395 582 395 582 395 581 395 580 395 566 405 564 406 521 406 521 405 495 396 494 396 493 396 463 399 462 399 461 399 453 406 452 406 451 406 398 397 397 397 396 397 395 397 382 407 381 408 326 408 325 408 306 402 305 402 304 402 303 402 289 407 269 400 269 400 268 400 267 400 236 409 235 409 223 401 222 401 221 401 172 400 171 400 171 400 143 409 125 400 124 400 123 400 81 401 80 401 79 401 67 410 66 411 50 411 51 445"/></Shape>
            <String CONTENT="ribus ſuis in quod poſitus ſum e¬"
                    HPOS="50.0"
                    VPOS="395.0"
                    WIDTH="669.0"
                    HEIGHT="62.0"
                    WC="0.995178840377114"></String>
          </TextLine>
          <TextLine ID="line_8"
                    TAGREFS="LT8"
                    BASELINE="53 498 722 493" 
                    HPOS="52.0"
                    VPOS="453.0"
                    WIDTH="670.0"
                    HEIGHT="62.0">
            <Shape><Polygon POINTS="53 498 53 504 75 505 87 514 88 514 89 514 90 515 150 515 150 514 151 514 152 514 165 505 167 504 217 504 220 505 228 511 229 511 230 511 231 511 232 511 242 505 245 504 248 505 267 512 268 512 269 512 269 512 280 507 298 512 299 512 300 512 300 512 314 507 322 513 323 513 324 513 325 513 325 513 349 507 467 512 468 512 469 512 470 512 478 506 483 503 499 506 503 507 504 507 505 507 506 507 516 501 645 505 646 505 647 505 656 501 720 507 722 493 720 458 688 454 687 454 687 454 677 458 673 461 668 458 660 455 659 455 658 455 638 459 637 459 630 453 629 453 628 453 589 453 588 453 588 453 570 460 564 463 540 461 516 458 515 458 489 461 468 464 465 462 451 454 450 454 449 454 448 454 423 461 414 454 413 454 412 454 387 454 386 454 386 454 368 463 367 464 343 464 335 464 276 455 275 455 241 456 240 456 239 456 227 464 217 459 216 459 215 459 214 459 193 465 152 461 151 461 96 466 77 459 76 459 75 459 74 459 52 467 53 498"/></Shape>
            <String CONTENT="go præco &amp; apoſtolus? ueritatem"
                    HPOS="52.0"
                    VPOS="453.0"
                    WIDTH="670.0"
                    HEIGHT="62.0"
                    WC="0.999356375586602"></String>
          </TextLine>
          <TextLine ID="line_9"
                    TAGREFS="LT8"
                    BASELINE="53 550 719 544" 
                    HPOS="52.0"
                    VPOS="506.0"
                    WIDTH="667.0"
                    HEIGHT="61.0">
            <Shape><Polygon POINTS="53 550 53 563 170 567 171 567 171 567 181 562 186 559 196 562 217 567 218 567 219 567 267 560 282 558 287 560 300 566 301 566 302 566 303 566 321 559 327 557 333 559 343 562 343 562 344 562 363 558 371 557 373 558 383 565 384 565 385 565 386 565 386 565 400 561 418 564 419 564 420 564 434 557 435 556 438 557 446 560 447 560 447 560 481 556 493 556 496 556 513 561 514 561 515 561 546 556 553 555 567 555 687 562 688 562 689 562 690 562 702 553 719 552 719 544 717 513 687 518 681 513 670 506 669 506 668 506 640 506 639 506 638 506 638 506 627 514 604 510 603 510 602 510 601 510 595 515 593 517 590 515 574 507 573 507 572 507 571 507 570 507 556 516 550 519 491 519 489 517 477 513 476 513 475 513 474 513 473 513 467 518 464 520 450 518 441 517 441 517 399 519 352 521 349 519 331 509 330 509 329 509 288 510 288 510 287 510 274 520 256 510 255 510 219 510 218 510 217 510 182 522 118 523 94 512 93 512 92 512 92 512 52 525 53 550"/></Shape>
            <String CONTENT="dico in Chriſto non mentior do¬"
                    HPOS="52.0"
                    VPOS="506.0"
                    WIDTH="667.0"
                    HEIGHT="61.0"
                    WC="0.9817802348444539"></String>
          </TextLine>
          <TextLine ID="line_10"
                    TAGREFS="LT8"
                    BASELINE="55 607 718 600" 
                    HPOS="54.0"
                    VPOS="560.0"
                    WIDTH="664.0"
                    HEIGHT="63.0">
            <Shape><Polygon POINTS="55 607 55 623 87 617 95 623 96 623 97 623 98 623 124 623 184 623 184 623 184 623 187 622 195 617 205 621 208 622 208 622 209 622 221 621 253 617 276 619 301 622 302 622 303 622 315 618 336 613 361 617 372 619 373 619 374 619 379 617 387 613 398 617 401 617 402 617 403 617 404 617 404 617 405 617 412 612 448 616 457 616 458 616 459 616 460 615 470 611 498 614 533 617 533 617 534 617 546 613 553 611 590 612 657 615 658 615 659 615 660 615 667 611 668 610 670 610 700 617 701 617 702 617 718 609 718 600 717 568 652 560 651 560 650 560 634 564 621 560 620 560 619 560 619 560 618 560 607 568 607 569 603 569 566 569 551 561 550 561 469 561 468 561 419 562 418 562 389 570 374 566 374 566 373 566 372 566 358 571 356 572 281 572 276 571 242 563 241 563 240 563 208 572 203 573 193 572 147 567 147 567 146 567 145 567 137 572 134 574 106 574 104 573 93 565 92 565 92 565 65 565 64 565 63 565 62 565 54 570 55 607"/></Shape>
            <String CONTENT="ctor gentium cum fide &amp; ueritate."
                    HPOS="54.0"
                    VPOS="560.0"
                    WIDTH="664.0"
                    HEIGHT="63.0"
                    WC="0.9841354435140436"></String>
          </TextLine>
        </TextBlock>
        <TextBlock HPOS="51"
                   VPOS="648"
                   WIDTH="678"
                   HEIGHT="619"
                   ID="block_1"
                   TAGREFS="BT2904">
          <Shape><Polygon POINTS="729 648 729 1267 51 1267 51 648"/></Shape>
          <TextLine ID="line_11"
                    TAGREFS="LT8"
                    BASELINE="93 684 722 677" 
                    HPOS="92.0"
                    VPOS="643.0"
                    WIDTH="630.0"
                    HEIGHT="54.0">
            <Shape><Polygon POINTS="93 684 93 697 722 692 722 677 721 652 698 643 697 643 696 643 643 651 592 644 591 644 590 644 576 648 519 645 518 645 517 645 516 645 504 654 444 654 429 647 428 647 427 647 426 647 425 647 413 655 397 655 373 647 372 647 371 647 370 647 348 656 298 656 281 648 280 648 279 648 278 648 247 656 191 649 190 649 190 649 157 658 148 651 147 651 147 651 124 650 123 650 122 650 92 659 93 684"/></Shape>
            <String CONTENT="Ad confirmationem ſuperiorum etiam hæc perti¬"
                    HPOS="92.0"
                    VPOS="643.0"
                    WIDTH="630.0"
                    HEIGHT="54.0"
                    WC="0.9991588804456922"></String>
          </TextLine>
          <TextLine ID="line_12"
                    TAGREFS="LT8"
                    BASELINE="55 728 722 722" 
                    HPOS="54.0"
                    VPOS="692.0"
                    WIDTH="668.0"
                    HEIGHT="53.0">
            <Shape><Polygon POINTS="55 728 55 741 129 745 130 745 131 745 139 740 145 745 146 745 147 745 147 745 176 739 185 739 196 739 231 744 232 744 257 739 272 736 296 738 330 741 331 741 331 741 338 738 343 735 389 735 392 737 398 742 399 742 400 742 401 742 429 736 435 735 437 736 441 739 442 739 443 739 520 741 521 741 521 741 540 734 546 733 569 734 656 739 657 739 658 739 659 739 667 733 668 733 721 733 722 722 719 693 567 697 553 695 538 692 537 692 511 696 490 698 468 697 435 693 435 693 434 693 420 697 411 699 398 697 374 694 374 694 344 698 329 700 286 699 186 696 185 696 184 696 184 696 177 700 177 701 174 701 149 696 148 696 147 696 128 701 125 703 54 703 55 728"/></Shape>
            <String CONTENT="uent. Nam ſi unus Deus est qui ne Iudæorum Deus"
                    HPOS="54.0"
                    VPOS="692.0"
                    WIDTH="668.0"
                    HEIGHT="53.0"
                    WC="0.9942142901321253"></String>
          </TextLine>
          <TextLine ID="line_13"
                    TAGREFS="LT8"
                    BASELINE="55 772 723 765" 
                    HPOS="54.0"
                    VPOS="733.0"
                    WIDTH="669.0"
                    HEIGHT="56.0">
            <Shape><Polygon POINTS="55 772 55 782 125 789 126 789 208 788 209 788 210 788 221 782 236 788 237 788 238 788 283 788 283 788 317 782 372 786 373 786 374 786 388 780 390 780 442 780 444 780 471 786 472 786 498 779 502 779 505 779 539 785 540 785 541 785 553 780 571 784 572 784 573 784 574 784 585 779 585 778 649 778 651 778 678 783 679 783 723 777 723 765 722 733 680 733 679 733 678 733 677 733 677 733 668 740 655 733 652 733 651 733 650 733 643 734 619 739 604 735 599 733 598 733 597 733 587 735 554 743 530 743 519 737 515 735 514 735 513 735 501 737 471 744 435 744 426 739 417 735 416 735 415 735 360 737 359 737 349 741 342 745 323 745 318 741 309 736 308 736 307 736 306 736 306 736 289 742 288 742 288 742 251 737 251 737 250 737 249 737 239 744 235 745 210 745 203 744 176 738 175 738 174 738 173 738 162 745 160 745 153 745 89 742 88 742 54 747 55 772"/></Shape>
            <String CONTENT="tantum est, ne huius uel illius gentis peculiaris, ſed"
                    HPOS="54.0"
                    VPOS="733.0"
                    WIDTH="669.0"
                    HEIGHT="56.0"
                    WC="0.9966336900537665"></String>
          </TextLine>
          <TextLine ID="line_14"
                    TAGREFS="LT8"
                    BASELINE="55 815 723 807" 
                    HPOS="55.0"
                    VPOS="778.0"
                    WIDTH="668.0"
                    HEIGHT="53.0">
            <Shape><Polygon POINTS="55 815 55 827 102 825 110 827 123 831 124 831 125 831 126 831 143 826 152 824 161 826 185 831 186 831 263 831 264 831 280 824 283 823 291 824 319 829 320 829 349 823 360 821 364 823 379 829 380 829 380 829 480 828 514 820 520 819 531 820 570 824 570 824 571 824 572 824 577 819 579 819 590 819 662 825 663 825 664 825 665 825 674 818 722 817 723 807 721 784 648 778 647 778 646 778 631 784 599 780 598 780 532 785 500 780 499 780 498 780 484 786 425 781 424 781 345 788 261 783 260 783 138 789 130 784 129 784 128 784 128 784 127 784 115 791 55 791 55 815"/></Shape>
            <String CONTENT="omnium ex æquo communis, ſi unus totius carnis me¬"
                    HPOS="55.0"
                    VPOS="778.0"
                    WIDTH="668.0"
                    HEIGHT="53.0"
                    WC="0.9739398694038391"></String>
          </TextLine>
          <TextLine ID="line_15"
                    TAGREFS="LT8"
                    BASELINE="55 860 723 852" 
                    HPOS="54.0"
                    VPOS="819.0"
                    WIDTH="669.0"
                    HEIGHT="56.0">
            <Shape><Polygon POINTS="55 860 55 870 78 875 79 875 79 875 80 875 88 870 90 869 213 868 232 870 276 874 276 874 300 870 312 868 327 870 350 874 351 874 352 874 362 870 368 868 392 869 424 873 425 873 426 873 435 869 447 866 458 869 466 872 466 872 467 872 574 871 575 871 580 869 590 866 631 869 648 870 649 870 657 869 692 863 701 869 702 869 703 869 704 869 723 868 723 852 721 825 694 826 688 825 674 819 673 819 672 819 671 819 670 819 662 825 648 819 647 819 646 819 613 825 608 826 607 825 601 820 600 820 599 820 598 820 566 825 522 821 521 821 521 821 520 821 513 827 511 828 502 827 472 824 472 824 471 824 459 828 455 829 453 828 442 823 441 823 441 823 409 828 399 830 396 828 385 823 384 823 383 823 382 823 381 823 374 829 371 831 282 831 280 830 267 825 266 825 265 825 264 825 253 831 251 832 230 832 226 831 202 825 201 825 200 825 139 831 125 833 115 832 72 826 71 826 70 826 54 831 55 860"/></Shape>
            <String CONTENT="diator est inter Deum &amp; hominem, ſiis ſemetipſum"
                    HPOS="54.0"
                    VPOS="819.0"
                    WIDTH="669.0"
                    HEIGHT="56.0"
                    WC="0.9969259612262249"></String>
          </TextLine>
          <TextLine ID="line_16"
                    TAGREFS="LT8"
                    BASELINE="55 904 721 894" 
                    HPOS="55.0"
                    VPOS="862.0"
                    WIDTH="666.0"
                    HEIGHT="59.0">
            <Shape><Polygon POINTS="55 904 55 919 110 915 116 919 119 921 120 921 121 921 122 921 132 919 149 915 168 918 174 919 175 919 180 918 200 914 205 918 207 920 208 920 208 920 209 920 210 920 216 918 230 913 242 917 246 919 247 919 248 919 306 918 307 918 313 917 336 911 374 917 386 917 387 917 399 916 443 910 460 916 461 916 462 916 463 917 498 917 498 916 499 916 500 916 501 915 508 910 554 908 577 914 578 914 579 914 580 914 597 908 614 913 615 913 616 913 720 912 721 894 719 866 677 862 676 862 675 862 674 862 668 867 662 870 644 870 638 867 631 863 631 863 630 863 629 863 628 863 623 868 620 870 600 870 595 868 587 864 586 864 585 864 584 864 574 868 569 871 497 872 489 870 470 866 469 866 388 867 387 867 386 867 379 873 376 874 366 873 321 868 320 868 319 868 306 874 305 874 303 874 283 868 282 868 282 868 281 868 269 874 268 875 266 874 251 870 250 870 249 870 200 874 177 870 176 870 175 870 153 877 152 878 55 879 55 904"/></Shape>
            <String CONTENT="precium redemptionis impendit pro omnibus, profe¬"
                    HPOS="55.0"
                    VPOS="862.0"
                    WIDTH="666.0"
                    HEIGHT="59.0"
                    ></String>
          </TextLine>
          <TextLine ID="line_17"
                    TAGREFS="LT8"
                    BASELINE="55 947 719 939" 
                    HPOS="55.0"
                    VPOS="906.0"
                    WIDTH="664.0"
                    HEIGHT="58.0">
            <Shape><Polygon POINTS="55 947 55 960 81 958 98 960 120 964 121 964 142 960 159 957 172 959 186 963 187 963 188 963 200 959 213 956 230 959 245 962 246 962 247 962 248 962 251 959 257 955 325 959 365 960 366 960 384 958 413 954 422 958 426 959 427 959 428 959 429 959 429 959 432 958 438 954 460 958 469 959 470 959 471 959 473 958 483 953 508 953 515 957 516 959 517 959 518 959 519 959 535 957 587 951 640 956 651 957 652 957 659 956 693 950 718 955 719 939 717 911 658 906 657 906 634 911 621 915 611 912 594 907 593 907 592 907 591 907 581 912 576 916 537 916 533 914 527 910 526 910 525 910 524 910 523 910 522 910 517 914 514 917 478 917 473 915 460 909 460 909 459 909 421 913 408 910 407 910 406 910 405 910 404 910 394 917 392 918 343 918 340 917 331 913 330 913 329 913 328 913 327 913 320 917 319 918 318 917 305 912 304 912 303 912 302 912 301 912 293 918 291 919 282 918 236 912 235 912 234 912 233 912 222 919 221 920 219 919 188 912 187 912 186 912 160 921 159 922 116 922 112 922 69 914 68 914 67 914 67 914 55 921 55 947"/></Shape>
            <String CONTENT="cto orandũ nobis erit pro omnibus. Quando quidem"
                    HPOS="55.0"
                    VPOS="906.0"
                    WIDTH="664.0"
                    HEIGHT="58.0"
                    ></String>
          </TextLine>
          <TextLine ID="line_18"
                    TAGREFS="LT8"
                    BASELINE="55 990 723 983" 
                    HPOS="54.0"
                    VPOS="950.0"
                    WIDTH="669.0"
                    HEIGHT="57.0">
            <Shape><Polygon POINTS="55 990 55 1006 103 1002 161 1005 202 1007 202 1007 214 1004 229 1001 251 1003 271 1006 272 1006 273 1006 274 1006 277 1002 282 1000 290 1002 299 1005 300 1005 300 1005 323 1002 338 1000 345 1002 354 1004 355 1004 355 1004 380 1001 390 1000 402 1001 446 1003 447 1003 484 999 500 997 515 998 567 1002 568 1002 569 1002 570 1002 577 997 577 996 578 997 584 1002 585 1002 586 1002 587 1002 612 996 613 996 613 996 631 1002 631 1002 632 1002 633 1002 650 996 651 996 654 996 696 1001 697 1001 698 1001 723 994 723 983 722 957 697 950 696 950 695 950 694 950 677 957 676 957 667 953 666 953 665 953 646 958 643 959 625 959 625 958 616 951 615 951 614 951 570 951 570 951 569 951 552 959 550 959 417 960 413 959 386 953 386 953 385 953 368 960 368 960 367 960 349 953 348 953 347 953 308 954 307 954 306 954 297 961 295 962 253 962 253 961 239 955 239 955 238 955 237 955 220 960 202 955 201 955 200 955 199 955 198 955 193 959 127 956 126 956 125 956 110 963 54 963 55 990"/></Shape>
            <String CONTENT="uero inſignis inter diſcipulos contrauerſia fuerat de"
                    HPOS="54.0"
                    VPOS="950.0"
                    WIDTH="669.0"
                    HEIGHT="57.0"
                    WC="0.9925790035499716"></String>
          </TextLine>
          <TextLine ID="line_19"
                    TAGREFS="LT8"
                    BASELINE="56 1035 724 1027" 
                    HPOS="55.0"
                    VPOS="996.0"
                    WIDTH="669.0"
                    HEIGHT="55.0">
            <Shape><Polygon POINTS="56 1035 56 1050 73 1051 73 1051 74 1051 77 1050 89 1044 114 1047 115 1047 150 1043 161 1048 165 1050 166 1050 167 1051 189 1051 189 1050 226 1049 226 1049 227 1049 231 1046 237 1042 294 1045 319 1045 320 1045 329 1044 345 1040 374 1043 414 1046 415 1046 442 1041 456 1039 461 1040 472 1045 472 1045 473 1045 474 1045 486 1041 512 1045 513 1045 514 1045 515 1045 522 1039 525 1038 537 1039 587 1045 588 1045 588 1045 589 1045 601 1038 603 1037 627 1037 628 1037 639 1044 640 1044 641 1044 642 1044 643 1044 661 1039 695 1043 696 1043 697 1043 724 1034 724 1027 723 1002 678 1002 670 996 669 996 668 996 668 996 667 996 650 1002 591 997 590 997 565 1002 525 996 524 996 493 1002 468 996 467 996 466 996 448 1002 406 997 405 997 404 997 389 1005 355 999 355 999 313 1006 265 999 264 999 263 999 245 1007 103 1005 102 1005 55 1009 56 1035"/></Shape>
            <String CONTENT="eo num &amp; gentibus natus eſſet Chriſtus, &amp; an Deus"
                    HPOS="55.0"
                    VPOS="996.0"
                    WIDTH="669.0"
                    HEIGHT="55.0"
                    WC="0.9926732742056554"></String>
          </TextLine>
          <TextLine ID="line_20"
                    TAGREFS="LT8"
                    BASELINE="57 1078 727 1070" 
                    HPOS="56.0"
                    VPOS="1039.0"
                    WIDTH="671.0"
                    HEIGHT="52.0">
            <Shape><Polygon POINTS="57 1078 57 1091 727 1082 727 1070 724 1039 585 1046 551 1042 527 1039 526 1039 525 1039 524 1039 519 1043 510 1048 459 1048 435 1045 407 1041 406 1041 405 1041 397 1045 391 1049 385 1046 375 1042 374 1042 350 1042 349 1042 349 1042 332 1047 324 1050 307 1048 267 1043 266 1043 265 1043 244 1050 241 1051 187 1051 184 1051 169 1045 168 1045 126 1045 125 1045 124 1045 106 1052 105 1052 73 1049 72 1049 71 1049 56 1053 57 1078"/></Shape>
            <String CONTENT="Gentium quo Deus eſſet, ideo uocationem &amp; mini"
                    HPOS="56.0"
                    VPOS="1039.0"
                    WIDTH="671.0"
                    HEIGHT="52.0"
                    WC="0.9981169421622094"></String>
          </TextLine>
          <TextLine ID="line_21"
                    TAGREFS="LT8"
                    BASELINE="58 1124 729 1112" 
                    HPOS="57.0"
                    VPOS="1081.0"
                    WIDTH="672.0"
                    HEIGHT="59.0">
            <Shape><Polygon POINTS="58 1124 58 1140 110 1134 154 1138 168 1139 169 1139 170 1139 171 1139 172 1137 180 1133 203 1137 208 1137 208 1137 214 1137 236 1132 248 1136 253 1137 254 1137 255 1137 256 1137 257 1137 258 1136 265 1131 278 1136 286 1137 287 1137 288 1137 288 1137 299 1135 316 1131 325 1134 327 1135 328 1135 329 1135 358 1133 398 1131 403 1132 412 1136 413 1136 414 1136 415 1136 424 1132 430 1130 436 1131 444 1135 445 1135 446 1135 447 1135 447 1135 452 1131 455 1129 474 1131 504 1134 505 1134 530 1130 544 1127 553 1129 573 1133 574 1133 575 1133 586 1128 590 1126 614 1128 675 1131 676 1131 728 1125 729 1112 727 1088 645 1081 644 1081 644 1081 643 1081 636 1086 592 1082 591 1082 590 1082 575 1088 573 1090 506 1090 501 1089 472 1083 472 1083 420 1090 407 1092 400 1090 386 1088 386 1088 385 1088 372 1091 364 1093 356 1091 337 1086 336 1086 335 1086 291 1092 275 1094 262 1092 234 1088 233 1088 233 1088 220 1093 212 1096 192 1096 189 1093 184 1088 183 1088 182 1088 164 1088 163 1088 162 1088 161 1088 156 1093 152 1096 138 1094 119 1089 118 1089 57 1094 58 1124"/></Shape>
            <String CONTENT="ſterium ſuum hic prædicat apoſtolus, ne quis teſtimo¬"
                    HPOS="57.0"
                    VPOS="1081.0"
                    WIDTH="672.0"
                    HEIGHT="59.0"
                    WC="0.9832772837494904"></String>
          </TextLine>
          <TextLine ID="line_22"
                    TAGREFS="LT8"
                    BASELINE="58 1166 728 1155" 
                    HPOS="57.0"
                    VPOS="1125.0"
                    WIDTH="671.0"
                    HEIGHT="56.0">
            <Shape><Polygon POINTS="58 1166 58 1181 212 1174 239 1177 257 1180 257 1180 258 1180 259 1180 263 1177 269 1172 315 1172 362 1174 417 1177 417 1177 453 1172 472 1169 487 1171 514 1175 515 1175 515 1175 533 1170 533 1170 541 1170 703 1172 704 1172 705 1172 728 1165 728 1155 726 1131 644 1125 643 1125 642 1125 623 1132 582 1132 551 1127 550 1127 549 1127 533 1134 508 1134 451 1135 442 1129 441 1129 441 1129 418 1129 417 1129 417 1129 403 1136 394 1130 393 1130 392 1130 369 1130 368 1130 368 1130 367 1130 358 1137 334 1131 333 1131 332 1131 306 1136 264 1131 263 1131 227 1139 164 1140 159 1140 138 1134 137 1134 136 1134 135 1134 118 1140 86 1135 85 1135 85 1135 57 1142 58 1166"/></Shape>
            <String CONTENT="nio eius, quo teſtabatur Chriſtum omnibus redimen¬"
                    HPOS="57.0"
                    VPOS="1125.0"
                    WIDTH="671.0"
                    HEIGHT="56.0"
                    WC="0.9979358696937561"></String>
          </TextLine>
          <TextLine ID="line_23"
                    TAGREFS="LT8"
                    BASELINE="59 1210 723 1199" 
                    HPOS="58.0"
                    VPOS="1168.0"
                    WIDTH="665.0"
                    HEIGHT="55.0">
            <Shape><Polygon POINTS="59 1210 59 1222 135 1217 152 1221 168 1223 169 1223 170 1223 178 1220 188 1216 222 1219 256 1222 257 1222 257 1222 269 1218 282 1215 288 1218 295 1221 296 1221 297 1222 335 1222 335 1221 336 1221 343 1216 349 1214 375 1216 388 1217 389 1217 390 1217 394 1216 404 1213 412 1216 422 1219 423 1219 423 1219 424 1219 425 1219 430 1216 435 1212 501 1211 518 1214 538 1216 539 1216 539 1216 549 1213 558 1210 566 1213 580 1216 581 1216 582 1216 606 1212 616 1210 619 1212 626 1216 627 1216 628 1216 667 1216 667 1216 723 1210 723 1199 722 1173 675 1168 674 1168 674 1168 673 1168 667 1174 666 1174 662 1174 647 1169 646 1169 645 1169 607 1174 598 1175 597 1174 590 1170 589 1170 588 1170 588 1170 587 1170 571 1175 570 1175 561 1175 500 1173 499 1173 473 1177 471 1177 469 1177 446 1172 445 1172 444 1172 422 1178 420 1178 413 1178 325 1174 325 1174 324 1174 306 1180 289 1174 288 1174 288 1174 259 1175 258 1175 257 1175 251 1180 239 1175 239 1175 238 1175 237 1175 216 1181 169 1176 168 1176 113 1183 75 1178 74 1178 73 1178 58 1184 59 1210"/></Shape>
            <String CONTENT="dis ueniſſe &amp; Deum non Iudæorum tantum ſed &amp;"
                    HPOS="58.0"
                    VPOS="1168.0"
                    WIDTH="665.0"
                    HEIGHT="55.0"
                    WC="0.9890338683670218"></String>
          </TextLine>
          <TextLine ID="line_24"
                    TAGREFS="LT8"
                    BASELINE="60 1253 732 1244" 
                    HPOS="59.0"
                    VPOS="1210.0"
                    WIDTH="673.0"
                    HEIGHT="73.0">
            <Shape><Polygon POINTS="60 1253 60 1268 82 1268 100 1282 101 1282 102 1282 103 1283 120 1283 120 1282 180 1281 181 1281 182 1281 188 1277 233 1279 233 1279 289 1271 361 1278 361 1278 362 1278 385 1269 413 1271 414 1271 415 1271 438 1265 479 1277 480 1277 481 1277 482 1277 483 1277 504 1262 505 1262 519 1262 533 1262 546 1270 546 1270 547 1270 548 1270 549 1270 572 1261 582 1265 582 1265 583 1265 625 1260 627 1260 644 1269 645 1269 646 1269 647 1269 664 1262 711 1265 712 1265 713 1265 732 1259 732 1244 730 1213 687 1210 687 1210 686 1210 685 1210 679 1214 674 1216 644 1214 614 1212 613 1212 600 1215 593 1216 583 1216 553 1211 552 1211 552 1211 538 1216 534 1217 532 1216 520 1212 519 1212 518 1212 517 1212 499 1217 494 1218 481 1217 438 1214 437 1214 436 1214 427 1218 423 1220 411 1219 369 1214 368 1214 319 1221 307 1222 292 1221 209 1216 208 1216 176 1223 174 1224 152 1224 151 1224 139 1217 138 1217 137 1217 136 1217 115 1224 114 1224 79 1221 79 1221 59 1225 60 1253"/></Shape>
            <String CONTENT="Gentium eſſe Deum, diffideret. Hæc in ſumma tractat"
                    HPOS="59.0"
                    VPOS="1210.0"
                    WIDTH="673.0"
                    HEIGHT="73.0"
                    WC="0.997944173859615"></String>
          </TextLine>
        </TextBlock>
        <TextBlock HPOS="483"
                   VPOS="1264"
                   WIDTH="114"
                   HEIGHT="53"
                   ID="block_5"
                   TAGREFS="BT17">
          <Shape><Polygon POINTS="597 1264 597 1317 483 1317 483 1264"/></Shape>
          <TextLine ID="eSc_line_ed0f0db9"
                    TAGREFS="LT8"
                    BASELINE="491 1299 522 1303" 
                    HPOS="487"
                    VPOS="1264"
                    WIDTH="34"
                    HEIGHT="57">
            <Shape><Polygon POINTS="507 1264 494 1264 490 1298 487 1317 517 1321 521 1302 521 1264 520 1264"/></Shape>
            <String CONTENT="P"
                    HPOS="487"
                    VPOS="1264"
                    WIDTH="34"
                    HEIGHT="57"
                    WC="0.9999942779541016"></String>
          </TextLine>
          <TextLine ID="line_25"
                    TAGREFS="LT8"
                    BASELINE="545 1300 583 1298" 
                    HPOS="543.0"
                    VPOS="1262.0"
                    WIDTH="40.0"
                    HEIGHT="51.0">
            <Shape><Polygon POINTS="545 1300 545 1302 582 1313 583 1298 580 1262 569 1264 568 1264 567 1264 567 1265 561 1271 553 1280 543 1280 545 1300"/></Shape>
            <String CONTENT="4"
                    HPOS="543.0"
                    VPOS="1262.0"
                    WIDTH="40.0"
                    HEIGHT="51.0"
                    ></String>
          </TextLine>
        </TextBlock>
      </PrintSpace>
    </Page>
  </Layout>
</alto>
