1000 1565
220.0 135.0 52.0 36.0 482

454.0 135.0 303.0 24.0 COMMENT. IN I. EPIST.

240.0 144.0 718.0 45.0 dentes facto, optimi dei optimas leges ſcriptas eſſe in cordibus noſtris. Vt ex bo¬

240.0 174.0 719.0 42.0 nis operilbus nos conſiderantes, glorificent deum, ſi quando reſpectu miſericor¬

241.0 199.0 718.0 40.0 diæ à deo fuerint uiſitati, & corde pio religioſo donati, dominum́ deum no¬

241.0 225.0 717.0 41.0 ſtrum ex fidelium religione cognouerint, nobiſcumq́; uenerari inceperint, ora¬

242.0 248.0 715.0 42.0 tionibus noſtris interim domino cõmendati, & exemplo acquiſiti. Omnes, in¬

242.0 271.0 717.0 42.0 quit, homines uult ſaluos fieri.) Eſt enim dominus deus ſumme bonus, nihil eo¬

241.0 299.0 718.0 39.0 rum odiens quæ condidit, neminem uult perire. Adeſt ſua gratia omnibus, ut ue¬

243.0 321.0 716.0 38.0 niant ad agnitionem ueritatis, quam per propheticas euangelicas & apoſtolicas

243.0 345.0 716.0 41.0 literas, communem fecit omnibus. Vbi denuo coniunctio. Et expoſſtiue ſumen¬

243.0 370.0 715.0 41.0 da uidetur, ut nihil aliud ſit uelle ſaluos fieri,  ad agnitionem diuinæ uoluntatis

244.0 393.0 715.0 43.0 perducere, ut agnoſcere ueritatem ſit fieri ſaluum. Ipſa enim ueritas liberat à pec¬

244.0 418.0 715.0 41.0 cato, ſi illi credatur. Deni uocauitomnes, annunciatur omnibus, Chriſtus pro

245.0 442.0 715.0 38.0 omnibus mortuus eſt, omnes ad ſe trahit beneficijs, proomnibus tradidit ſemeti¬

245.0 471.0 715.0 37.0 pſum. Contemptores autem dei & negatores non computandi ueniunt inter o¬

244.0 492.0 715.0 39.0 mnes, ſed redigentur in nihilum coram deo. Si itaque ſermoincidat, Quare non

245.0 515.0 715.0 40.0 omnes beatitudinem aſſequãtur, leum omnes homines uelit ſaluos fieri ?Reſpon¬

245.0 543.0 714.0 40.0 deri poteſt, Quare non omnes capiãt gratiam, quam ſibi porrigi nemo ambigit?

246.0 566.0 714.0 36.0 Quare non credant uerbo dei omnes? Quare nemo etiam cogi uelit ad bonum

245.0 591.0 715.0 39.0 ſuum, nec debeat ? Nec ſe quiſpiam excuſare poteſt de ignorantia, de tractu in¬

246.0 614.0 714.0 40.0 ſtinctuum bonorũ in conſcientia, qui nõ ceſſant. Quod ſi gratiam ſequendi quis

246.0 638.0 714.0 37.0 abeſſe cauſetur, nõ tamen eam optare ac petere ſe non poſſe uere dicet. Domino

246.0 664.0 714.0 40.0 autem dicente, Petite & accipietis. Is re uera nonnihil recipiet, qui ſedulo domi¬

246.0 685.0 715.0 40.0 num fuerit deprecatus. Vltima tamen reſponſionis anchora tandem erit, uolun¬

246.0 712.0 714.0 40.0 tas dei, quæ regula eſt iuſtitiæ, cuius non ſit inquirẽda ratio, qui & nobis nihil ob¬

246.0 737.0 715.0 39.0 ligatur, & bonorum noſtrorum non eget. Voluntate ſigni & antecedente, uult

247.0 759.0 714.0 39.0 omnes ſaluari, dicunt Theologi poſt Auguſtinum, & diſtributione accommoda

247.0 782.0 714.0 39.0 euadunt. Deni agnitio ueritatis, ſenſus eſt Chriſti, qui ueritas eſt, qui euange¬

248 808 712 42 lium prædicauit mundo, qui ueram fidem ac uiuam, portum ſalutis ſtatuit, & iu¬

247.0 832.0 714.0 42.0 ſtitiæ ſummam. Lux mundi eſt, qui illuminat omnem hominem. Humanæ ſcien¬

250 854 710 45 tiæ, & ueritas intellectus naturalis, ad ſalutem inutiles ſunt, & mendacium dici

247.0 880.0 714.0 45.0 poſſunt. Chriſtum autem ſcire, ſanctorum eſt, ideo ſtultus in hoc mundofiat, qui

248.0 910.0 336.0 41.0 uoluerit fieri ſapiens in deo & ſaluus.

281.0 934.0 679.0 44.0 Vnus enim deus, unus & mediator dei & hominum, homo Chriſtus

246.0 966.0 574.0 39.0 leſus, qui dedit redemptionem ſemetipſum pro omnibus.

277.0 995.0 684.0 46.0 Breuis hic expreſſa eſt ſumma fidei Chriſtianæ, & ueritatis irrefragabilis, cu¬

249.0 1026.0 711.0 41.0 ius ſolius cognitio firmiter perſuaſa, ſalutem operatur hominibus. Si, inquã, non

249.0 1052.0 711.0 39.0 ſimplici id notitia ſciant, ſed potius uera ſapientia: qui ſcilicet ſic norunt, ut ſapi¬

249.0 1078.0 712.0 37.0 ant q̃ ſuauis ſit dominus. Hunc ergo tenorem fidei, & breuiſſimam regulam, ſim¬

248.0 1102.0 713.0 38.0 pliciter & breuibus diſcutiamus. Vnum eſſe deum religioſe cognoſcitur, quum

249.0 1126.0 712.0 38.0 præter eum qui omnia condidit, nihil aliud, ut alicubi ſummum bonum deſidera¬

250.0 1150.0 710.0 36.0 tur, colitur, amatur, antefertur, uel confertur nihil. Non ſcilicet uenter, non caro

251.0 1174.0 708.0 34.0 & ſanguis, aurum, honor, laus, & totus hic mundus. Omnia hæc poſtponuntur,

250.0 1200.0 712.0 35.0 non tantũ uerbo & lingua, ut facile poſſunt hypocritæ, ſed corde & ſenſu. Dum

250.0 1222.0 712.0 35.0 illud unum ſemper intendimus & attendimus, propter illud omnia agimus, non

249.0 1246.0 711.0 37.0 circa plurima occupamur & diſtrahimur. Hoc eſt uere agnoſcere unum deum,

250.0 1270.0 711.0 41.0 præter eum nihil deſiderare, quod nõ propter illum uelimus. Vnus mediator.)

251.0 1295.0 710.0 52.0 uel conciliator. Secundus fidei huius breuiſſimæ articulus eſt, credere & ſcire

863 1317 98 43 Chriſtum

232 952 23 33 4
