1000 1558
737.0 122.0 45.0 51.0 481

251 141 303 24 AD TIMOTH. CAP. II.

43.0 148.0 718.0 50.0 tiam. Et omnibus in ſublimitate conſtitutis.) Addita coniunctio expoſitiue ac¬

43.0 183.0 716.0 39.0 cipitur. Regibus, id eſt ſublimibus. Sunt em reges qui in magiſtratu aliquo con¬

43.0 210.0 714.0 34.0 ſtituti, regũt, moderantur & pręſunt. Conſtituri uero non ab alio ̃ à deo. Omnis

43.0 232.0 712.0 38.0 enim poteſtas à deo eſt, etiam mala, propter peccata populi, & imminens ſubditis

42.0 257.0 714.0 37.0 dei iudicium. Per eos enim deus non raro ſua exequitur iudicia. Dabo, inquit, ti¬

41.0 280.0 715.0 39.0 biregem in furore meo. Effœminati erunt principes eorum, &c. Maximam ita

41.0 305.0 715.0 39.0 nobis pœnam deprecabimur, ſi bonum & religioſum principem orationibus à

40.0 329.0 716.0 39.0 deo promerebimur. Propter peccata enim populi dominus regnare facit hypo¬

40.0 353.0 715.0 38.0 critam, id eſt impium. Sublimitas autem eſt, regere ſubiectos, iuxta ſtilum ſpiri¬

41.0 377.0 714.0 39.0 tus ſancti, & à deo ordinata: non tantum ut honorentur præfecti, ſed multo ma¬

40.0 402.0 715.0 37.0 gis ut onerentur, ſolicitudine maiori prodeſſe cupientes eis, quibus ut per chari¬

40.0 424.0 714.0 39.0 tatem & ſapientiam ſeruiant, à deo dati ſunt. Reges gentium dominantur, & be¬

40.0 450.0 714.0 38.0 nefici dicuntur, non ſic reges fidelium. Hi enim ſciunt ſeſe tanto modeſtiores ge¬

39.0 473.0 714.0 40.0 rere debere, quãto ſunt plurium commodis & profectibus deſtinati, & obſequio

38.0 497.0 716.0 37.0 charitatis ac fidei deuincti. Debetur ipſis honor, reuerentia, timor, obedientia, ac

39.0 521.0 714.0 39.0 ſuſtentatio à ſubditis: ipſi uiciſſim obligantur amorem, fidem, curam, tutelam, ſo¬

38.0 545.0 715.0 40.0 licitudinem, inſtructionẽ, conſolationem, regimen, coërcionem à malis, & diſco¬

36.0 570.0 713.0 38.0 lis pœnam. Nec obmittendum negligentius, quod non prece, pretio & inſtantia,

37.0 592.0 716.0 41.0 ſublimitas ſit ambienda, uel regimen aliorum, ſed conſtitui oportet ab alijs, nihil

37.0 618.0 714.0 38.0 niſi ſubditorum bonum reſpicientibus, ne ſine conſenſu eorum, ſi tamen ratio¬

36.0 642.0 713.0 40.0 nabiliter ſibi conſultũ cupiant, & non omnem malint ſubterfugere diſciplinam,

35.0 665.0 717.0 40.0 ut non tam ſeruitus habeatur, ̃ adminiſtratio diſciplinæ. Vt placidam & quie¬

35.0 690.0 716.0 39.0 tam uitam agamus.) Annitendum omni ſtudio regibus, ut populus beneuolen¬

36.0 716.0 716.0 37.0 ter & cum gaudio, non ex triſtitia obediat, ſed placide, ſyncero affectu, ſine mur¬

34.0 739.0 717.0 37.0 mure & diſplicentia, ſi fieri poſſit, & ſine uiolentia:ut ſint omnia ſine tumultu, o¬

34.0 762.0 718.0 38.0 dio, ſeditione & rebellione. Sed Chriſtiana pace, tranquille conuerſentur, ut fra¬

34.0 787.0 718.0 37.0 tres ac domeſtici diſcipuli Chriſti, pacifici, modeſti, manſueti & humiles. Hæc eſt

33.0 811.0 719.0 38.0 enim uita feliciſſima, plane́ beata, & Chriſtiana charitate iucũda. Cum omni

34.0 835.0 718.0 38.0 pietate & honeſtate.) Faciũt hæc duo perfectã quietem, ſi ſcilicet deum noſtrum

33.0 859.0 718.0 38.0 colamus fide, ſpe & charitate, ut totos nos committamus ei ut patri: & om̃ia quæ

33.0 882.0 718.0 39.0 occurrunt, patris prouidentia & pietate nobis euenire certo credamus. Tunc e¬

33.0 909.0 719.0 37.0 nim murmurabimus nunquam, temere non iudicabimus illius iudicia & diſpen¬

33 933 718 38 ſarionem, ſedut ſunt om̃ia optima cordis pace, ut patris pientiſſimi beneficia am¬

32.0 957.0 718.0 38.0 plectemur. Caſtitas hic pro omni morũ grauitate accipienda, ut honeſtas. In con¬

33 986 713 31 uerſatione enim ad proximum, morum honeſtas & comitas admodum nos com¬

32.0 1004.0 717.0 38.0 mendat fratribus. Cauebit quiſquis huiuſmodi eſt, offenſam & odia, perpetuam

33.0 1027.0 717.0 48.0 autem trãquillitatem fouebit & amicitiam, quæ inter inhoneſtos ac moroſos aut

32.0 1054.0 356.0 34.0 leues perſonas diu conſtare non poteſt.

63 1089 678 40 Hoc enim bonum eſt, & acceptum coram ſaluatore noſtro deo, qui

31.0 1113.0 658.0 41.0 omnes homines uult ſaluos fieri, & ad agnitionem ueritatis uenire.

63.0 1144.0 684.0 42.0 Quieta conuerſatio noſtra, & tranquillitas huius uitæ in ſimplici obedientia,

32.0 1172.0 716.0 40.0 etiam ethnicis regibus exhibenda docetur, ut eccleſia careat dominantium mole

31.0 1197.0 717.0 38.0 ſtia, ne graſſentur, ut magis opprimãt, ne irritentur contra nos & euangelicam

32.0 1223.0 716.0 36.0 doctrinam, non ſcandalizentur noſtris moribus, non anſam arripiant mouendi

32.0 1244.0 716.0 40.0 perſequutiones, & blaſphemandi nomen Chriſti. Cedit enim in gloriã religionis

32.0 1269.0 712.0 40.0 Chriſtianæ, imo domini dei noſtri, qui per filium ſuum ſaluauit nos, ſi pacifice,

31.0 1294.0 717.0 52.0 manſuete ac ſedulo dominis obſequamur, ſubiecti omnibus in timore del, oſten¬

666 1333 17 35 S

746 1091 13 38 3
