1000 1554
249.0 144.0 296.0 20.0 AD TIMOTH. CAP. I.

726 145 43 35 479

35.0 154.0 718.0 44.0 lata ac religioſa conuerſatione, coram omni eccleſia, quæ eum audacem reddere

36.0 185.0 711.0 36.0 poterat, ad animoſe uiriliter occurrendum, etiam apoſtolatus ſui authoritate,

36.0 208.0 710.0 37.0 & ſpiritus ſancti uirtute, qua perfuſus erat, om̃ibus illis aduerſarijs poteſtatibus,

38 234 710 36 doctrina & moribus, uolentibus corrumpere commiſſam ſibi ab Apoſtolo eccle¬

34.0 260.0 551.0 33.0 ſiam Epheſiorum, exemplum futurus epiſcopis ſucceſſoribus.

72 286 671 35 Quam quidam repellentes circa fidem naufragauerunt, ex quibus eſt

38 304 706 45 Hymenæus & Alexãder, quos tradidi ſatanæ, ut diſcãt nõ blaſphemare.

64.0 334.0 682.0 41.0 Erant Epheſi, qui contra conſcientiam & agnitam ueritatem Apoſtolum tra¬

34.0 360.0 712.0 37.0 ducebant, confingebant in eum mendacia, & obloquebantur: qui & ſemel ſu¬

34.0 385.0 711.0 39.0 ſceptam euangelij fidem abijciebant, Hymenæus & Alexander. Hij uerbis Apo¬

33.0 410.0 713.0 33.0 ſtoli pertinaciter reſtiterant, ſeditiones mouerant contra Paulum, Iudæi ex gene¬

33.0 433.0 712.0 36.0 re, & à fide apoſtatæ, Pauli perſecutores ſubdoli, & non ſemper in manifeſto ad¬

33.0 457.0 712.0 40.0 uerſantes. Vnde & Paulus Timotheum admonet de Hymenȩo, ut caueat, nihil

32.0 482.0 713.0 36.0 illi fidat, in ſecunda epiſtola. Satanæ tradere, eſt excommunicare, & eijcere à cœ¬

32.0 505.0 713.0 35.0 tu fidelium, ut à morbidis agnis ſibi ſani & boni Chriſtiani caueant & non infici¬

33.0 530.0 710.0 38.0 antur. Prodidit ergo illorum malitias, & eccleſiæ patefecit, ut & illi reſipiſcerent,

32.0 555.0 711.0 36.0 & reliqui ſibi de periculo proſpicerent. Talis olim in eccleſia excommunicatio

31.0 579.0 713.0 35.0 agebatur, ſic publicorũ criminum propalatio, & exomologeſis in ædificationem

31.0 604.0 713.0 35.0 eccleſiæ fiebat. Quas utinã conſuetudines probatiſſimas, iuſta forma, ſecundum

31.0 627.0 711.0 36.0 apoſtolicas traditiones eccleſia recuperet, ut reformẽtur mores, & diſciplina non

31.0 650.0 712.0 35.0 ceſſet, ut diſcant non blaſphemare. Blaſphemia nimirum eſt, peruerſa docere, ſe¬

30.0 674.0 715.0 35.0 creta diuina temeraria curioſitate diſquirere. Nihil enim commune habet huma¬

30.0 698.0 713.0 35.0 na ratio collata diuinis. Compeſcendi diligẽter in ecrleſia ſunt, qui dominum bla¬

29.0 721.0 713.0 36.0 ſphemant, uerbi illius authoritati detrahũt, qui gentilium errores poſtliminio re¬

33 749 709 34 ducunt, qui Iudaicis fabulis & hæreticorum uenenis inficiunt eccleſiam, qui reli¬

30.0 775.0 711.0 32.0 gionis prætextu gentilium ritus cõmutant in ſpeciem religionis, quos ſatius fuiſ¬

33 797 704 36 ſet in totum reijci, ne gentilium ceremonijs eccleſia plus quàm Iudaica grauetur,

29.0 819.0 693.0 46.0 puritas́ doctrinæ & operum commaculetur, & tandem opprimatueritatem.

301 846 168 36 CAPVT II.

45 900 52 69 O

121 883 609 39 Bſecro igitur primum omnium fieri obſecrationes, orationes,

120 909 585 38 poſtulationes, gratiarumactiones pro omnibus hominibus.

141 944 594 29 Cum igitur neceſſe habeas militare periculoſam militiam, cum́ ſi¬

27.0 962.0 713.0 33.0 de tibi & conſcientia opus ſit, ut imminẽtibus undi & ſemper malis occurrere

27.0 986.0 713.0 33.0 poſſis, & officio ſatisfacere tuo, ſpiritu ſancto te uocante commiſſo, quæ ſine dei

29.0 1010.0 710.0 38.0 gratia ac uirtute, nec à te prælato haberi poſſunt, ne ab alio. Ideo adhortor, non

28.0 1036.0 712.0 34.0 impero, non importunus urgeo, ut dominus, ſed ut fidelis tibi pater filium obſe¬

27.0 1060.0 713.0 32.0 cro, quem pro ſyncero affectu & filiali amore, ſcio non minus complecti horta¬

27.0 1084.0 713.0 35.0 mentum, quàm ſeruus imperium. Non enim patris præceptum filius expectare

27.0 1107.0 712.0 38.0 debet & exigere, ſed ſolo nutu inſinuaſſe filio beneplacitum patris, abunde

31 1130 706 38 ſuffecerit, ut protinus perficiat ſedulo, quod patrem optare crediderit. Sic non

26.0 1156.0 712.0 36.0 mandatis, imperijs & coactionibus in dei negotijs eſt agẽdum. Nec Chriſtus nec

27.0 1175.0 711.0 41.0 apoſtoli id tentarunt, ſed uſi ſunt admonitionibus, conſilijs, orationibus, & ad¬

26.0 1204.0 714.0 34.0 hortationibus, quibus in eccleſia proficere ſtuduerunt. Vt nihil mandauerint, ni¬

27.0 1228.0 711.0 33.0 ſi quæ pro charitate ſeruanda ſerioſius proponebant. Vt ante omnia fiant ora¬

27.0 1252.0 708.0 36.0 tiones.) Cum ſanctum ac deo acceptum, uel probandũ, nihil prorſus ualeamus,

27.0 1276.0 707.0 35.0 noſtris tantum freti uiribus, ſine dei auxilio, nec uerba, nec opera, nec exempla,

26.0 1299.0 712.0 52.0 nec aliqua ſolicitudo noſtra aliquid proſit uel promoueat, neceſſe eſt ante omnia

751 289 19 33 16

738 870 12 61 1
