1000 1551
451.0 145.0 327.0 23.0 COMMENT. IN I. EPIST.

239 144 39 30 480

244 168 712 32 noſtra conamina, dominum implorare, auxilium illius petere ac aſſiſtentiam, ut

240.0 190.0 723.0 34.0 ipſe bonum inſpiret, deſiderari faciat ac perfici: nihil enim aliunde obtinebimus.

251.0 212.0 714.0 37.0 Deprecationes.) Dicuntur heæ orationes ad deum, quibus aduerſa quæ merui

242.0 235.0 721.0 39.0 mus peccatis noſtris, per dei miſericordiam amoueri precamur, iràm ſcilicet dei,

242.0 260.0 720.0 35.0 & pœnam condignam, conſcientiæ anguſtias, incommoda corporis & ſpiritus,

242.0 284.0 722.0 38.0 tentationes pernicioſas, & proximas periculo, ac caſus peccatorum. Obſecra¬

243.0 311.0 722.0 32.0 tiones.) Sunt, quibus per omnia ſacra & deo grata, conſequi deſideramus dona

243.0 334.0 721.0 37.0 dei nobis neceſſaria, ſpiritualia in primis, deinde & corporalia. Vt quod noſtris

243.0 356.0 722.0 39.0 meritis obtinere non poſſumus, eius gratia, & Chriſti domini meritis & inter¬

244.0 380.0 721.0 37.0 ceſſione â domino poſtulemus nobis cõcedi in gloriam dei. Interpellationes.)

245.0 405.0 720.0 37.0 Sunt cũ unus pro alterius neceſſitate ex charitate ſolicitus intercedit, & profra¬

244.0 434.0 720.0 33.0 tre orat, ut uel aduerſa amoliantur, uel optabilia conſequantur, cum ſcilicet pro

244.0 457.0 720.0 35.0 inuicemoramus, ut pariter ſaluemur. Gratiarumactiones.) Sunt, eum pro acce¬

243.0 477.0 722.0 40.0 ptis beneficijs dominũ laudamus, & omnia eidem accepta reddimus, & à nobiſi¬

244.0 502.0 718.0 37.0 pſis nihil nos habuiſſe uel potuiſſe fatemur. Viciſſim nos offerẽtes uoluntati ſuę,

244.0 527.0 721.0 36.0 cuius beneplacito per omnia ſubijei deſideramus. Hoc eſt enim euchariſtiæ uerũ

245.0 551.0 720.0 34.0 ac Chriſtianiſſimum ſacrificium, laudis ſcilicet & cõfeſſionis, ac gratiarumactio¬

244.0 574.0 718.0 37.0 nis. Pro omnibus hominibus.) Non ſolum orãdum pro amicis, fidelibus, iuſtis,

245.0 603.0 718.0 34.0 ac familiaribus, ac benefactoribus, uerum omnium maxime proeis qui magis in

245.0 622.0 718.0 38.0 digent, dei maiori opus habent miſericordia. Vt ſunt inimici noſtri, ut charitate

245.0 647.0 719.0 38.0 imbuantur Chriſtiana, infideles, Iudæi, hæretici, ut reſpectu gratiæ diuinæ, lumi¬

245.0 672.0 720.0 39.0 ne ueræ fidei & ueritatis illuſtrentur, & domino credant, iniuſti ac impij ut reſipi¬

245.0 697.0 719.0 34.0 ſcant: ignoti nobis, ut domino miſerante à peccatis liberentur. Nihil unquam in¬

245.0 721.0 718.0 38.0 ter orãdum occurrat diſcriminis, quo minus affectuoſe pro uno hominum gene¬

245.0 745.0 719.0 37.0 re oremus, ꝗ̃ pro alio, uel excludere quoſcun præſumamus, uel intendamus fri¬

246.0 769.0 718.0 37.0 gidius. Nec tantum oremus obbeneficia, ut hypocritæ ſolent, & incommodum

246.0 796.0 717.0 33.0 noſtrum, ſed ſola fraterna charitate ad orandum permoueamur pro egentibus:

247.0 816.0 716.0 35.0 & quia id domino placere credimus, ſimilia abalijs orationum ſuffragia deſide¬

246.0 841.0 718.0 36.0 rantes. Non iubet Apoſtolus orari pro defunctis, ſed pro hominibus, nõ pro ani¬

245.0 867.0 718.0 31.0 mabus fidelium mortuorum, quæ non iam nobis proximæ ſunt, ſed deo. Viui no

244.0 890.0 719.0 35.0 bis ubi commendantur, mortui deo:nos contra egimus, totam ferè noſtram ſo¬

245.0 912.0 719.0 35.0 licitudinem impendentes in eos, demortuos ſcilicet, de quibus nobis dominus ni¬

245.0 937.0 718.0 34.0 hil præcepit. Pro his non piget nimium multa dare, agere, pati, interim tamen fra¬

245.0 965.0 718.0 34.0 tres indigentes, maximopere à deo nobis commiſſos, diſſimulamus, & nihil iuua¬

245.0 985.0 717.0 35.0 mus. Sed hæc excogitauit auaritia cleri, ut morituri multa legarent pro ſe mor¬

245.0 1011.0 718.0 33.0 tuis de diuitijs ſuis, quas poſthac, ut non ſuas, relinquere cogebãtur. Hæredibus

246.0 1034.0 718.0 38.0 debita iure naturæ ea interceſſoribus pro animabus facile largiri poterant, maxi¬

245.0 1059.0 717.0 35.0 me quia purgatorij pœnas his medijs euadere poſſe inſtruebãtur præter uerbum

246.0 1085.0 291.0 36.0 dei, & ſine ſanctorum exemplo.

271.0 1109.0 691.0 43.0 Pro regibus, & omnibus qui in ſublimitate cõſtituti ſunt, ut quietam

246.0 1141.0 576.0 43.0 & tranquillam uitam agamus, in omni pietate & caſtitate.

277.0 1176.0 685.0 37.0 Apoſtoli temporibus reges mundi infideles erant & ethnici, aduerſarij fideli¬

244.0 1203.0 718.0 36.0 bus, ſed tamen pro eis orari uoluit, imò tanto ſolicitius inſtetit, quanto magis cle¬

245.0 1231.0 717.0 30.0 mentiæ diuinæ influxus illis pro illorum regimine neceſſarius erat, ut boni fie¬

244.0 1254.0 718.0 30.0 rent, ut tractabiles, manſuete præſint, benigne dominentur, quo ualeant ſuſtine¬

245.0 1281.0 717.0 30.0 ri, ut cor illorum regatur à domino, quo ſubditi tranquillius regantur: ut illis de¬

246.0 1305.0 716.0 45.0 ſuper præſtetur ſapientia & timor dei, ut ament iuſtitiam, & tueantur innocen¬

903.0 1330.0 56.0 42.0 tiam.

231 1117 25 38 2
