1000 1554
744.0 118.0 43.0 52.0 485

274 129 303 31 AD TIMOTH. CAP. II.

50.0 145.0 715.0 47.0 gentium doctorem dederit, teſtantur ſigna apoſtolatus mei: qualem deni me

51.0 176.0 713.0 42.0 geſſerim in gloriam Chriſti, non in meum compendium aliquod temporale, nihil

50.0 201.0 712.0 40.0 miſcendo doctrinæ, quam in me Chriſtus non fuerit loquutus. Omnia ſine hypo¬

50.0 227.0 712.0 38.0 criſi & figmẽto, dextre ac plane ueraciter tradidi, ut accepi à domino. Doctorem

49.0 252.0 713.0 37.0 ſe nominat, non in Vniuerſitate, ut loquuntur, promotũ: non enim Ariſtotelem

49.0 272.0 712.0 40.0 audierat antea, & parua logicalia, ſed ſpiritu ſancto promotus, docebat ſine inter

47.0 296.0 714.0 41.0 miſſione uerbo, exemplo & ſcripturis, nõ tam nomine doctor q̃officio, aſſiduo́

47.0 321.0 715.0 37.0 docendi ſtudio. Tales etiam non ſic promoti, doctores erant Origenes, Auguſli¬

47.0 347.0 714.0 33.0 nus, Hieronymus, & ſimiles. Quanquam eruditionis & fidei teſtimonium habę¬

47.0 369.0 712.0 41.0 re, & factis cõſequi non fuerit inutile, ſed ſine quæſtu, faſtu & hypocriſi: ut́ pro¬

47.0 393.0 713.0 40.0 feſſionis ſuæ ſpecimen oſtendant ſtudio, fide & exemplis, uerbo & facto, non ſe¬

46.0 418.0 713.0 37.0 rico uel annulis, ne inter comeſſationes & pocula pro gratia nummorum, & per¬

46.0 440.0 714.0 40.0 ſonarum reſpectu, officium & authoritas docendi in eccleſia commendetur indi¬

47 467 710 38 gnis, cum fide & ueritate doctores agant, ut ſcripturis canonicis edocti, fidem fi¬

47.0 490.0 712.0 41.0 deliter doceant, ſine permixtione falſorum dogmatum, quæ reſipiant ſenſus car,

54 512 335 35 nis, ambitionem honoris, & quæſitum.

80 549 671 49 Volo ergo uiros orare in omni loco, leuantes puras manus, ſine ira

44.0 574.0 177.0 38.0 & diſceptatione.

73.0 606.0 686.0 44.0 Docuerat orandum pro conſequenda uitæ trãquillitate in hoc mundo, & ut

43.0 635.0 715.0 40.0 ad agnitionem ueritatis omnes peruenirent ſaluandi. Nunc uiros docet ac mulie¬

43.0 662.0 715.0 39.0 res inſtruit, quomodo orandum, & de alijs neceſſarijs, incidenter & obiter, fœmi¬

44.0 687.0 713.0 37.0 narum mores inſtituendo: primũ autem uiros, Quos, inquit, uolo orare in omni

41.0 707.0 715.0 40.0 loco. Nondum apoſtolorũ temporibus Chriſtianis erant ampliſſima templa, ſuffi¬

41.0 732.0 713.0 41.0 ciebat locus profamilia quacun, longo tempore in criptis prædicatũ: ubicun

41.0 757.0 711.0 39.0 eccleſia erat, duo ſcilicet aut tres uel plures, ibi locus orationis & prædicationis,

40.0 780.0 716.0 39.0 in cubiculis, in agro, in naui, in montibus ac ſyluis: ubi orationis locus, ubi ſpi¬

40.0 803.0 715.0 40.0 ritus ſancti templum conſecratum habetur, quod ſunt fidelium animi. Idipſum

40.0 829.0 714.0 40.0 docuit ueritas Chriſtus, Cum, inquit, oraueris, ingredere cubiculum, & ora pa¬

40.0 852.0 712.0 39.0 trem in abſcondito. Multi hodie aſueuerunt, ut non niſi in eccleſia orare ualeant,

40.0 878.0 714.0 37.0 & exaudiri credant: ſi tamen uere orant, & non potius multa ſenſuum & mentis

41.0 903.0 712.0 37.0 diſtractione adnumerent potius uerba, ̃ ut corde, affectu feruore́ ſpiritus ſub¬

39.0 926.0 714.0 37.0 leuentur in deum, in conſiderationem fragilitatum, defectuum ac miſeriarũ, qua¬

39.0 950.0 714.0 34.0 rum conſideratione legitima oratio ſit promouenda. In omni, inquit, loco.) Con¬

39.0 974.0 714.0 36.0 ſecratus eſt à deo mundus totus, & homo orationi. Vt non in templo Hieroſoly¬

38.0 996.0 714.0 39.0 mis, nec Romæ, ſed in ſpiritu & ueritate ſciamus orandum. Id quod Chriſtus do¬

38.0 1023.0 715.0 36.0 cuit dominus, qui́ ſe ſic orantes exauditurum promiſit. Cætera diuinæ potius

39.0 1044.0 714.0 40.0 prouidentiæ committantur. Leuantes puras manus.) Non lotas, Phariſæorum

38.0 1068.0 715.0 40.0 more, ſed puras ab omni uiolentia, à ſanguine innocẽtum, à munerum acceptio¬

38.0 1093.0 715.0 36.0 ne, uſura, furto, à fœdis libidinoſis́ cõtactibus, & ab omi malo opere. Nec uult

38.0 1118.0 712.0 37.0 Paulus extendi manus phariſaico more, ſed deſiderantium ex petitionis ardore.

38.0 1142.0 714.0 34.0 Non obſunt, ſed proſunt quædam ceremoniæ orantibus, ſed non nimiæ, & quæ

37.0 1168.0 715.0 35.0 mentis diſtractionem uel hypocriſim mouere poſſint. Sine ira & diſceptatione.)

41.0 1189.0 711.0 37.0 Vbi docet nihil à deo poſtulandum, niſi prius orans proximo conciliatus ſit cha¬

37.0 1213.0 715.0 37.0 ritate Chriſtiana. Solet uirorum animos occupare furor & ira, ut ſuperbia mulie¬

38.0 1238.0 713.0 38.0 res, incõtinentia ac liuor. Ira autem charitati contraria, orationi locum omnino

37.0 1263.0 714.0 38.0 præcludit. Non ignoſcit deus nobis, nec dona pietatis largitur, niſi peccantibus

37.0 1288.0 714.0 44.0 in nos antea indulſerimus, niſi fratri offenſam remiſerimus, & ex animo dilexe¬

633 1322 25 33 S.

667.0 1319.0 21.0 46.0 3

756 552 17 47 6
