1000 1551
213.0 137.0 50.0 31.0 486

410.0 119.0 328.0 36.0 COMMENT. IN I. EPIST.

234.0 163.0 200.0 30.0 rimus propter deum.

263 191 686 27 Similiter & mulieres in habitu ornato, cum uerecundia & ſobrietate

240 214 706 39 ornãtes ſe, & non in tortis crinibus, aut auro, aut margaritis, uel ueſte pre¬

236.0 243.0 696.0 37.0 tioſa, ſed quod decet mulieres, promittentes pietatem per opera bona.

267.0 270.0 689.0 34.0 Mulieres Apoſtolus docet poſt uiros, de idoneis earundẽ moribus, ne de for¬

236.0 298.0 718.0 32.0 ma ſuperbiant amictu uel ornatu, quod agnatum mulieres patiuntur & gaudẽt,

237.0 322.0 718.0 33.0 alioqui non peſſimæ, imò & bonæ, caſtæ ac prudẽtes, quæ de ſpeciei ornatuum́

237.0 344.0 718.0 37.0 cura uix ſibi præcipere poſſunt. Admittit quidem Paulus, ut habitu ornato ſint

237.0 369.0 718.0 34.0 pro ingenio muliebri, non deni ſordido amictu, uel nimium neglecto, quo abo¬

238.0 393.0 715.0 31.0 minatio ſint maritis, & occaſio forſitan exteras adamãdi, ſed modum præſcribit,

237.0 417.0 717.0 31.0 ut decet caſtas, uerecundas, & minime irritatrices libidinis. Munde quidem, ele¬

238.0 442.0 718.0 35.0 ganter ac honeſte ueſtiãtur, hoc eſt, ne nuditate & ornatu ſuperfluo, pretioſo uel

238.0 465.0 717.0 33.0 curioſo meretricibus aſſimilentur, appareant́ affectu placẽdi in publico, maxi¬

238.0 490.0 717.0 31.0 me uero in cœtu uel eccleſia, quod Chriſtianis maritis nec placere poteſt ne de¬

238.0 516.0 717.0 32.0 bet. Ornentur autem legitimis monilibus, uerecũdia ſcilicet & ſobrietate, ex uul¬

238.0 537.0 718.0 32.0 tu, oculis, inceſſu, uerbis, ſubindicãdo moribus ipſis, inuitas ſeſe offerri uirorum

239.0 561.0 717.0 35.0 aſpectibus, nolle ab aliquo deſiderari ad malum, malle ſemper contegi, & ægre ui¬

238.0 585.0 718.0 33.0 dere uiros, multo moleſtius uideri. Quin & propter maritum uerecũdia non nu¬

239.0 610.0 717.0 35.0 dentur: gratioſiſſimum enim ornamentum uerecundiam habet, quiſquis eſt ma¬

239.0 634.0 717.0 33.0 ritus ſapiens & probus. Sobrietate.) Nulla uinolentia aut crapula aliquatenus

241.0 658.0 713.0 32.0 notetur mulier, quæ lubricitatis & libidinis certi ſunt teſtes, teſte Hieronymo.

241.0 683.0 715.0 35.0 Quæ & impedimenta præbent fœtibus optatiſſimis, inſipientię & garrulitatis ui¬

240.0 710.0 714.0 28.0 tia ſecum adferunt, mendaciorum & litium matres, nihilq́ ſecretum ſeruaturæ,

241.0 731.0 715.0 29.0 ſeminaria malorum. Naſcitur è ſobrietate caſtitas, ut ſunt ſorores, continent in¬

240.0 759.0 715.0 30.0 honeſta deſideria, & libidines impediunt. Ornantes ſe, non in tortis crinibus.)

240.0 778.0 715.0 35.0 Non compoſitione capillorum, & implicatura argenti & auri, non adulterino co¬

239.0 802.0 717.0 33.0 lore, uel ceruſſa fuco peregrino, quibus iniuriam inurunt formæ naturali, ma¬

241.0 830.0 715.0 28.0 gis autem uirtutum exercitijs ornentur. Non auro aut margaritis.) Non one¬

241.0 851.0 713.0 36.0 rent impenſis maritos, colligant potius, & in theſauros reponant pro hæredibus,

240.0 875.0 714.0 34.0 uel certe ſanctius ſubueniant indigentibus, in opera pietatis ueræ conſeruent.

240.0 898.0 715.0 31.0 Non addant ſuperbiæ naturali fomenta luxuriæ, non certare fœminæ uiciſſim

240.0 922.0 716.0 34.0 optent de ſumptibus, ſed de modeſtia, ſapientia & maturitate: pretium margari¬

241.0 953.0 715.0 29.0 rarum & auri felicius expendetur in pauperes. Veſte (inquit) non ueſtibus: quan¬

241.0 976.0 715.0 28.0 doquidem ſuperfluæ ueſtes Chriſtianos dedecẽt, & excuſari non poſſunt, etiam

240.0 995.0 716.0 34.0 in diuitibus. Non ad luxum amiciantur, ſed ad honeſtatem & neceſſitatem. Vni¬

240.0 1019.0 715.0 34.0 ca quidem non ſufficit, ſed ſuperflua non decet, pretioſitas intolerabilis. Scanda¬

241.0 1044.0 714.0 32.0 lizat, irritat, zelum ſuſcitat & exemplum, extenuat rem familiarem, difficile de¬

239.0 1071.0 716.0 31.0 fenditur à tineis, & non ſine negotio curatur ac ſolicitudine. Sed quod decetmu¬

240.0 1090.0 715.0 34.0 lieres profitentes pietatem, æmulentur diligentius. Propenſiores ipſas fœminas

240.0 1115.0 715.0 33.0 natura conſtituit ad cultum dei, ad multas ceremonias ac ſuperſtitioſas. Has di¬

241.0 1140.0 714.0 32.0 ſcant non eſſe pietatem, frequentare eccleſias, geſtare oratoria uel corollas, pre¬

240.0 1168.0 713.0 29.0 culas muſſitare, admirari cantus, & organis delectari, aſpicere picturas idolorũ,

240.0 1191.0 715.0 31.0 inclinari, incendere cereos, aqua conſpergere ſepulchra & ſeipſas. Hæc quidem

241.0 1213.0 714.0 31.0 pietatis ſigna habita ſunt iamdudum etiam apud ethnicos, ſed minime ſunt pie¬

240.0 1240.0 715.0 30.0 ras, prorſus autem uerſa ſunt in impios uſus. Pietatem magis profiteantur fideles

240.0 1259.0 715.0 34.0 fœminæ & uiri, recordatione ſuorum peccatorum, ſuſpirijs pro gratia & indul¬

241.0 1284.0 713.0 49.0 gentia, emendatione morum, & ſancto propoſito, attentius auſcultari uerbis di¬

890.0 1312.0 60.0 40.0 uinis,

220 206 17 19 7
