1128 1876
305.0 186.0 780.0 49.0 Vt autem obturbantib· uarijs errorum ſectis, animos

250.0 228.0 834.0 58.0 nequaquam deſpondere, ſed aſſumere potius debemus,

251 280 833 55 quod cum ita Domino uiſum ſit, oporteat, id non minus

247.0 328.0 836.0 57.0 ad promouendã noſtram ſalutẽ, quàm ipſius gloriam illu

244.0 376.0 838.0 61.0 ſtrandã facere, qui probatos ſuos, inter huiuſmodi turbi¬

250.0 425.0 831.0 53.0 nes, & utiliter exercet, & magnifice prodit, ita conuenit

250.0 472.0 831.0 65.0 nihilominus illis pro uiribus ſpiritus, cui diuinitus dona

251.0 523.0 828.0 67.0 ti, obuiamire, dareq́; operã, ut luce ſcripturarũ, figmento

250.0 573.0 829.0 67.0 rum humanæ rationis tenebras, diſpellamus, quod nos qui

239.0 625.0 837.0 59.0 Christi ſumus deceat, haudquaquam minore ſtudio, cum

236.0 676.0 836.0 59.0 hoc noſtrocapite colligere, quã aduerſarius ſoleat diſper

238.0 727.0 835.0 57.0 gere. Cumq́; ueterator iste, à contemplatione ſolis diuinæ

234.0 774.0 836.0 61.0 bonitatis, unde omnis cum iustitia, tum ſalus certo gigni¬

231.0 826.0 840.0 59.0 tur, modis omnibus, ad ſuſpiciendum nihili, ac euanidum

231.0 873.0 839.0 62.0 humanæ induſtriæ uirtutisq́ ſplendorem, unde nihil niſi

231.0 923.0 837.0 65.0 faſtidioſa hypocriſis, & certa pernities indubitato naſci¬

228.0 976.0 839.0 57.0 tur, animos mortalium detorquere conatur, nobis præci¬

230.0 1023.0 835.0 58.0 pue in hoc incumbendum est, ut fide Euangelij hominibus

227.0 1076.0 835.0 55.0 oculi corroborentur, quouiuificos ſolis illis diuinæ bene¬

222.0 1129.0 584.0 54.0 uolentiæ radios, rite percipere queant.

93 398 138 75 Quo stu¬

81 459 150 60 dio obuiai

79 509 152 75 dũ errdri

82 565 87 83 bus.

460.0 117.0 428.0 56.0 MARTINI BVCERI

57 1274 160 67 Quib-ar¬

54.0 1327.0 163.0 64.0 mis ſuper.

53.0 1381.0 164.0 58.0 orib ſæcu

51.0 1430.0 166.0 62.0 lis oppu¬

51.0 1477.0 166.0 67.0 gnata ſit

50.0 1533.0 167.0 63.0 ueritas.

274.0 1174.0 788.0 58.0 Quemadmodum enim Paulo benignitatem Dei omni

225.0 1219.0 835.0 64.0 ſtudio attollenti, Satanæ ſatellites prædicando circum¬

225.0 1270.0 832.0 66.0 ciſionem, Sabbatha & idgenus externa, ad quæ homi¬

226.0 1322.0 831.0 66.0 numuires poſſunt pertingere, negocium faceſſebant, ſic

225.0 1372.0 827.0 63.0 poſtea adſerentibus candem, ſanctis Dei confeſſoribus,

225.0 1421.0 831.0 64.0 & liberæ electioni eius, bonitati́ omnia accepta ferenti

225.0 1467.0 829.0 61.0 bus, hoſtis ille ueritatis, ſimilibus instructos armis ſuos

225.0 1519.0 829.0 83.0 ohiecit, qui libero arbitrio, noſtrisis́ operibus nihil non

925.0 1574.0 130.0 77.0 tribue¬
