1177 1883
103 122 601 77 IN EPI. PAV. AD TIM. I.

745 103 86 71 84

48.0 191.0 791.0 63.0 uenit cũ eo quod Rho. 9. dicit Paulus, Cuius uult miſe¬

49.0 222.0 790.0 84.0 retur, & quem uult indurat? Reſpõdeo, quod unus lo¬

51.0 274.0 789.0 82.0 cus in ſcripturis obſcurus, non eſt omnibus alijs claris

52.0 324.0 791.0 77.0 obijciendus. Tota ſcriptura habet impios damnari,

57.0 371.0 788.0 84.0 pios ſiue credentes ſaluari: illos iudicio dei, hos miſeri,

54.0 426.0 790.0 75.0 cordia. Intelligendum ergo quod dicit, Vult ommes

57.0 469.0 788.0 84.0 homines ſaluos fieri &c. De hominibus omniũ ſtatu¬

58.0 525.0 788.0 78.0 um, id quod hic cohærẽtia textus poſtulat. Orate pro

61.0 569.0 790.0 81.0 omnibus, etiam pro regibus &c. quia hoc placet deo:

61.0 616.0 784.0 85.0 qui nullum ſtatum mundi reijcit: quandoquidẽ & iu¬

62.0 669.0 786.0 84.0 ſtos reges fuiſſe conſtat:ut Dauidem, Ezechiam, &c.

65.0 714.0 786.0 89.0 Omnes ergo hoïes, id eſt ex omnibus ſtatibus homi¬

66.0 764.0 782.0 86.0 nes, & præterea nõ ſolũ Iudæos, ut ipſi Iudæi putãt:

69.0 805.0 780.0 96.0 ſed & gẽtes per totũ orbem. Sic & de Chriſto dicit:

74.0 867.0 774.0 84.0 Qui dedit ſemetipſum preciũ redẽptionis pro omni¬

71.0 905.0 777.0 94.0 bus. Vide, ſi placet, annotationes. Philippi ad Rho.8.

292 969 359 79 Vnus mediator.

120.0 1029.0 736.0 79.0 Vnde ergo nobis tot mediatores quidam fecerunt

79.0 1073.0 780.0 89.0 Iine ſcriptura, & ſine uerbo dei? quibus non occur¬

80.0 1121.0 783.0 88.0 rit, quod Chriſtus orat pro nobis, & intercedit, ut

81.0 1175.0 781.0 75.0 mediator: & ſolus mediator inter deũ & hominẽ, ꝗa

81.0 1214.0 784.0 94.0 ſolus eſt deus, & homo: id quod nullus aliorũ ſanctos¬

84.0 1266.0 782.0 90.0 rum eſſe poteſt. Orant ſancti qui ſunt in terris pro ſe

84.0 1316.0 784.0 94.0 mutuò, & exaudiũtur à deo, ſed per Chriſtũ media¬

84.0 1372.0 764.0 84.0 torem, ſicut ipſe promittit: Si quid petieritis patrem

89.0 1415.0 781.0 111.0 in nomine meo, hoc faciet, &c. De defunctis ſanctis,

701 1476 20 46 l

740.0 1477.0 26.0 57.0 4

885 1377 128 66 Ioan.16.
