1200 1893
399 123 644 67 ANNOTAT. IOANNIS POM.

322.0 194.0 784.0 59.0 Iocus Pauli 1.Corin. 14. Si benedixeris ſpiritu, qui

323.0 237.0 786.0 73.0 ſupplet locum idiotæ, quomodo dicet amen ſuper tuã

326.0 289.0 783.0 67.0 benedictionem. Opera uero bona mulierum non ſunt

327.0 332.0 785.0 87.0 fuperſtitiones illæ ſtultarum fœminarum, quarũ mul¬

327.0 385.0 785.0 75.0 tas ipſæ excogitarunt, multas uero à ſtultis confeſſo¬

329.0 434.0 785.0 75.0 ribus, quos uocant, & indoctis prædicatoribus didi¬

330.0 482.0 783.0 79.0 cerũt. Sed ſunt illa quæ ſcribũtur infra cap.5. Si filios

329.0 527.0 779.0 87.0 educauerit, ſi fuit hoſpitalis, ſi ſanctorũ pedes lauerit,

335.0 583.0 780.0 80.0 ſi adflictis inſeruiuerit, ſi in omni bono opere fuerit

331.0 634.0 784.0 77.0 adſidua. Et ad Titum 2. Anus ſimiliter & c.1 Petri 3.

331.0 694.0 416.0 68.0 Similiter & mulieres, &c.

555 724 368 83 Suſtollentes &c.

356.0 826.0 766.0 42.0 Habitũ orantium indicat, qui nihil eſt niſi & cor le¬

328.0 847.0 792.0 76.0 uetur ad deum: ſicut in pſalmo dicitur: Ad te domine

327.0 894.0 796.0 82.0 leuaui animã meam: id quod hic dicit, Suſtollentes pu¬

328.0 951.0 789.0 77.0 ras manus. Quorũ enim manus ſanguine plenæ ſunt,

328.0 1002.0 792.0 77.0 illos non uult exaudire dominus, Eſa.1. Puræ manus

329.0 1049.0 790.0 82.0 non ſunt, niſi cor purumſit, quod ſine fide purum eſſe

328.0 1101.0 795.0 75.0 non poteſt. Fide enim, inquit Petrus, purificans corda

332.0 1151.0 789.0 74.0 eorũ, id quod hic dicit, abſ ira & diſceptatiõe. Duo

337.0 1202.0 785.0 75.0 ſunt quæ impediunt exauditionem. Primũ ira, id eſt

336.0 1253.0 787.0 74.0 quod non dimittis proximo in te peccanti. Nam hanc

336.0 1298.0 787.0 81.0 conditionẽ in euangelio ſemper uides adiectam: Si re¬

333.0 1351.0 790.0 79.0 miſeris fratri, &c. Alterũ diſceptatio, qua diſceptas

334.0 1403.0 794.0 80.0 tecũ, et dubitas nũ ſis exaudiẽdus. Hic quoq; nihil re¬

337.0 1453.0 782.0 86.0 cipis, Iacobi. I. Vide Marci II. Credite & accipietis.

158.0 361.0 153.0 42.0 Bona oꝑa

147.0 389.0 144.0 65.0 mulierũ.

181.0 1193.0 150.0 80.0 Duo ſunt

152.0 1269.0 170.0 52.0 quæ impe¬

149.0 1314.0 179.0 53.0 diunt exau¬

151.0 1361.0 159.0 68.0 ditionem.
