1128 1876
236 121 397 54 EPISTOLA·

38.0 196.0 842.0 55.0 tes, aduerſus Dominos mundi, tenebrarum

37.0 228.0 841.0 74.0 ſæculi huius, aduerſus ſpiritales uerſutias, quę

38.0 284.0 336.0 65.0 ſunt in cæleſtibus

45 337 835 52 Quaproptér anumſte Iotain afſſaturani

37.0 373.0 843.0 72.0 Dei, ut poſſitis reſiſtere in die malo, & omni¬

40.0 420.0 845.0 74.0 bus peractis ſtare. State igitur circumcinctis

40.0 473.0 843.0 67.0 lumbis ueſtris, ueritate, & induti thoracem

41.0 520.0 844.0 71.0 iuſtitiæ, & calceati pedes, promptitudinean

40.0 566.0 845.0 74.0 nunciandi Euangelij pacis. Super omnia aſ¬

43.0 616.0 841.0 71.0 ſumentes ſcutumfidei, quo poſſitis cuncta

44.0 668.0 840.0 66.0 iacula mali illius ignita extinguere, & galeam

45.0 716.0 840.0 74.0 ſalutis accipite, & gladium ſpiritus, quod eſt

44.0 777.0 259.0 58.0 uerbum Dei.

104 816 787 66 Omni oratione & deprecatione, orantes

48.0 864.0 842.0 72.0 in omni tempore, & ſpiritu, in idipſum uigi¬

51.0 917.0 843.0 65.0 lantes, cum omni inſtantia & deprecatione

56.0 961.0 839.0 70.0 pro ſanctis omnibus, & pro me, ut detur mi¬

53.0 1008.0 844.0 71.0 hi ſermo, dum os meum aperiendum eſt, cũ

55.0 1057.0 842.0 67.0 omni fidutia, ad notum faciendum arcanũ

56.0 1105.0 839.0 73.0 Euangelij, cuius legatione fungor, conſtri¬

57.0 1158.0 835.0 68.0 ctus catena, ut confidenter illud annunciem,

57.0 1213.0 444.0 62.0 ſicut oportet me loqui.

828 106 48 65 10·

118 1253 777 63 Vt uero ſciatis & uos, quomodo res meæ

59.0 1322.0 839.0 47.0 habeant, quid agam, omnia uobis nota fa¬

61.0 1353.0 839.0 67.0 ciet Tychicus dilectus frater, & fidus in ne¬

65.0 1403.0 837.0 66.0 gotio DOMINI miniſter, quem

63.0 1449.0 841.0 78.0 in hoc ad uos miſi, ut cognoſceretis de

779.0 1500.0 125.0 66.0 rebus

935 284 53 89 60·

946 816 58 68 90·

938 1266 72 65 80·
