1128 1876
41 210 831 50 ti, redemptionem, qua continget certa uitæ

45 248 825 60 poſſeſſio, indubitato expectemus. Idq ut glo

43 295 633 53 ria eius in nobis celebris reddatur.

246 126 387 60 EPISTOLA.

88 365 784 39 Ea propter cũ & ego audiuiſſem, qua uos

46 390 827 61 in Dominum Ieſum fide, quaq; dilectione in

44 441 830 61 ſanctos omnes eſtis pręditi, non deſino gra¬

45 490 830 61 tias pro uobis agere, memor ueſtri in preci¬

48 536 828 55 bus meis, ut Deus Domini noftri Ieſu Chri¬

46 584 832 66 ſti, pater ille glorioſus, aſpiret uobis ſapientiã

46 636 830 60 & reuelationẽ, ut ipſum cognoſcatis, illumi¬

45 684 833 63 natisq oculis mentis ueſtræ ſciatis, quid ex

47 734 829 60 uocatione ueſtra uobis ſperandum ſit, & quę

46 783 832 59 opulẽtia ſit gloriæ hæreditatis, quã donauit

47 830 831 64 ſanctis, quę denique præcellens uirtutis eius

50 882 550 53 in nos credentes magnitudo.

819 131 66 55 90

95 926 788 63 Quæ in nobis declarabitur, iuxta efficaci¬

53 976 831 61 am fortis roboris eius, quam efficaciam in

55 1025 828 59 Chriſto exhibuit, cum excitauit illum à mor¬

54 1073 829 60 tuis, & ad dexteram ſuam collocauit in cæle¬

53 1122 828 66 ſtibus, ſuper omnem principatum & poteſta

55 1173 828 59 tem, & uirtutem, & dominationem, & quic

59 1220 828 64 quid omnino eximium ſiue in præſenti, ſiue

58 1270 826 60 in futuro ſæculo celebratur, ſubiecitq́ o¬

58 1320 828 61 mnia pedibus eius, ipſum dedit caput Ec¬

59 1367 826 63 cleſiæ ſuper omnia, quæ eſt corpus eius, & in

59 1417 827 62 qua cumulate exuberãtem bonitatem ſuam

58 1465 810 68 declarat, qui illa perficit omnia in omnibus.

929 345 70 73 91

938 906 72 69 92

304 1518 343 68 CAPVT II.

580 1573 101 53 B 2

750 1564 135 66 Et uos
