1128 1876
250 190 834 55 dignum Domino eſt. Hoc enim iuſtum eſt.

249 231 833 66 Honora patrem tuum, & matrem, quod pri

248 281 838 65 mum quidem præceptũ eſt, habens promiſ

244 326 837 70 ſionem, hanc nimirum, ut bene tibi ſit, ſiſque

247 377 356 56 longæuus in terra.

384 120 567 58 D. PAVLI AD EPHESIOS

126 414 42 62 2·

253 433 828 59 Patres, ne prouocetis ad iram, filios ue¬

243 471 838 66 ſtros, ſed educate eos, inſtitutione & correpti

246 523 269 50 one Domini.

117 584 44 41 3·

261 579 818 55 Seruo auſcultate dominis carnalibus, cum

240 620 840 67 timore & tremore, in ſimplicitate cordis ue

239 669 838 64 ſtri, tanquam CHRISTO, non adocu¬

239 719 840 64 lum ſeruientes, uelut qui placere hominibus

239 767 840 64 ſtudent, ſedut ſerui CHRISTI, perfici¬

237 820 840 58 entes uoluntatem D E I ex animo & bene¬

238 865 841 62 uole, ſeruientes uidelicet DOMINO &

238 915 837 66 non hominibus, ſcientes quod unuſquiſque,

238 964 838 64 quod fecerit boni, id referet à Domino repen

238 1010 561 64 ſum, ſiue ſeruus ſit, ſiue liber.

128 1077 47 70 4·

282 1059 793 65 Et domini eadem facite erga illos, remit¬

236 1114 839 61 tentes minas, ſcientes, quod & ueſter domi¬

236 1161 837 67 nus eſt in cælis, et perſonarum reſpectus apud

238 1207 243 58 eum nullus.

111 1280 50 59 5·

279 1254 797 64 Quod reliquum eſt, fratres mei, corrobo¬

236 1314 844 57 ramini, per Dominum, & robur fortitudi¬

236 1355 833 65 nis eius, induimini totam armaturam DE I,

235 1401 841 65 ut poſſitis ſtare aduerſus inſidias Diaboli. Ete

235 1453 845 66 nim non eſt nobis lucta aduerſus ſanguinem

236 1501 840 75 & carnem, ſed aduerſus principatus, & pote¬

955 1563 120 62 ſtates,
