1200 1893
390 143 708 60 ANNOT. IOANNIS POMERANI

348 216 771 56 occiduntur ſecundum legem:ut non ſit opus quærere,

349.0 246.0 780.0 80.0 an ſub nouo teſtamẽto ſint ſontes plectẽdi, quũ cõſtet

352.0 296.0 780.0 75.0 adulteros, fornicarios, homicidas ſub nouo teſtamẽto

352.0 349.0 781.0 71.0 non contineri, ad quod pertinent ſoli iuſti per fidẽ,is

354.0 399.0 782.0 74.0 eſt credentes, cõtra quos nõ eſt lex. Deinde cũ multa

355 444 778 86 ex lege præcipiant, intentionẽ legis & capute egregie

357.0 498.0 783.0 74.0 negligunt, quæ eſt, ut dixi, charitas in proximum, ſed

358.0 546.0 772.0 72.0 non foris ſimulato opere oſtenfa:ſed, ut hic definitur,

357.0 601.0 783.0 67.0 ex corde puro, & conſcientia bona, & fide non ficta.

358 646 783 79 Vides quod ne eleemoſyna quidem quantuncunq co¬

359.0 698.0 773.0 76.0 pioſa, proſit ſine fide (quicquid enim non eſt ex fide

358.0 748.0 784.0 67.0 peccatum eſt) & charitatis opera quæ uidentur, non

356 791 782 86 eſſe charitatem, niſi ex corde & conſcientia, quã fides

360.0 846.0 782.0 68.0 purificauit, non ficta ueniant. Ii, inquit, deflexerunt

358.0 894.0 785.0 71.0 ad uaniloquium, uolentes eſſe legis doctores, ſicut &

359.0 948.0 789.0 67.0 hodie operum prædicatores & doctores, non intelli¬

363.0 999.0 782.0 65.0 gentes quæ loquuntur, nec de quibus adſeuerant. Præ

359.0 1049.0 790.0 65.0 cepta quidem proponunt, & legem ſiue mandata mo¬

360.0 1097.0 787.0 66.0 rum: ſed unde tibi detur, ut ſic uiuas, non docent, Inue¬

360.0 1148.0 788.0 67.0 nies hodie qui nihil quærant in ſacris literis præter

364 1192 779 79 moralia, quæ déinde ſimilia putant ethnicis, Ariſtote¬

361.0 1250.0 786.0 65.0 licis, aut Senecæ præſcriptis: qui tamẽ neſciunt, quid

363.0 1298.0 781.0 67.0 Paulus in tota epiſtola ad Rhoma. uel Gal. diſputex

361.0 1349.0 787.0 66.0 aut quid Chriſtus uelit, dũ fidem, id eſt fiduciã in deũ

362.0 1398.0 788.0 69.0 ubi prædicat: aut quid ſit quod hic Paulus dicit, ch¬

361.0 1454.0 785.0 77.0 ritas de puro corde, & conſcientia bona, & fide non

1053 1517 96 81 ficta.
