1128 1876
299 115 721 63 IN EPISTOLAM AD EPHESIOS·

244 189 830 64 & bonitate, non fuerit antea perſuaſus. Quis namque

242 234 830 68 amet eum, quem bonus an malus ſit, ignorat? Vnde autem

241 280 827 74 deum bonum et nobis bonum, ut amare eum, confidereq́

241 332 827 66 in eum poßimus, cognoſcemus? Certe quæ DEI ſunt,

244 380 829 71 & de deo ſcriptura prædicat, homo ſecundum animam

241 435 318 56 uiuens, non percipit·

288 504 788 49 Ergo ad flatu ſpiritus ſancti hic opus est, qui Euange¬

241 529 833 71 lion cordibus electorum perſuadeat, hoc demum pacto uo

255 579 816 74 cantur, & à patre ad filium pertrahuntur, quotquot ad

247 620 824 83 uitam præordinati ſunt· Atque hic auditus ille est, unde

247 680 827 72 fides prouenit Rom·10· Ad quem & ſi ministret Euange

243 733 830 67 lij externus præco, attamen quia plantans & rigans ni¬

242 779 832 67 hil ſunt, inefficax erit omnis prædicatio, donec cordi Euã

247 831 828 72 gelion prædicauerit et perſuaſerit ſpiritus ſanctus· Apud

244 884 831 68 quem uero ea perſuaſio obtinuerit, is etiam ſi ex parte

246 930 824 73 quàm bonus ſit Deus cognoſcat, fieri tamen non potest,

246 985 829 64 quin illũ & amet et reueretur, ac optima quæque de ipſo

243 1029 834 72 ſibi polliceatur, fidem ſcilicet habens Euangelio, quod ſic

241 1082 836 68 illum prædicat, quæ et certò conſequetur, cum ſpes in deũ

242 1134 837 67 non pudefaciat· Itaque post electionem ſanctorum, pro¬

242 1182 837 67 ximum eſt, ut DEVS ſuorum ſe cordibus per uer¬

243 1231 836 72 bum, quod tamen ſuo ſpiritu illis perſuadeat, inſinuet, ex

243 1285 837 64 hac mox perſuaſione certãque fide, quamuerbis eius iam

243 1333 836 71 habent, conſequitur fiducia cius & amor, propenſaq; ad

249 1384 595 62 gratificandum ipſi in omnibus uoluntas·

296 1434 785 82 Tria ergo hæc fides, ſpes, charitas ſunt, quibus præ¬

1018 1501 57 68 ſens

81 606 142 81 Vnde fides

74 673 123 57 et amor

76 724 75 59 Dei·
