1177 1883
114 175 623 50 IN EPI. PAV. AD TIM. I.

765 156 66 74 82

53.0 244.0 788.0 40.0 ne currentis, ſed &c. Primum dicit, qui me potẽtem,

52.0 279.0 790.0 62.0 reddidit per Chriſtũ: déinde, qui me fidelẽ iudicauit.

52.0 331.0 794.0 60.0 item, miſericordiã adeptus: itẽ, exuberauit ſupra mo¬

54.0 379.0 791.0 56.0 dum gratia &c. itẽ: Chriſtus uenit peccatores ſaluos.

51 423 777 65 facere, &c. Nõ nobis domine nõ nobis, ſed nomini tuo

56.0 480.0 789.0 58.0 da gloriã. Super miſericordia tua & ueritate tua. id

59.0 528.0 783.0 60.0 quod Paulus hic ſic dicit: Regi autem ſeculorum, &c.

280 574 344 72 immortali regi.

82.0 637.0 762.0 64.0 Ergo regnum eius eſt in æternũ. Inuiſibile ergo re¬

61.0 685.0 786.0 67.0 gnum eius non eſt de hoc mundo, ſed ſpirituale. Soliſa¬

61.0 735.0 789.0 67.0 pienti, ergo præter eum & extra eũ omnia ſunt ſtula¬

62.0 779.0 788.0 76.0 ticiæ plena: ut nihil ſapientiæ ueræ ſit, ubi ipſe non il¬

64.0 830.0 781.0 71.0 luminat: &, ut ſic dicam, ſapientificat. Et de Chriſto

63.0 881.0 779.0 68.0 prædictũ erat, Hiere. 23. Et regnabit rex, & ſapiens

65.0 939.0 469.0 65.0 erit. Ex Heb. ſanctificator erit.

269 994 375 71 Iuxta prophetias.

91.0 1054.0 757.0 70.0 Intelligũt, iuxta ea, quæ ſpiritu prophetiæ ante de

71.0 1100.0 779.0 75.0 hoc cognoui, quando te feci epiſcopũ, ut ſecundũ ea a¬

72.0 1148.0 777.0 75.0 gas. Ego aũt & hic, & infra cap.4. intelligo prophe¬

73.0 1201.0 778.0 67.0 tias doctrinas ſpiritus dei, ſiue reuelationẽ ſcripturæ,

73.0 1249.0 780.0 68.0 quam à Paulo uel aliter acceperat Timotheus: ſicut

65 1296 782 70 ꝓphetiã accipi diximus in Eſaia. Vnde ex græco hic le¬

69 1346 778 75 gi poteſt iuxta ꝓphetias, quæ ad te præceſſerũt: id eſt

70 1401 777 69 ut ambules ſecundũ doctrinã quã accepiſti, & quam

73 1446 774 87 habes, ut eam ipſam defendas cõtra aliter docentes:

849 415 150 69 Pſal.113

866 1289 165 76 vide Anno

864 1351 165 64 tationes e¬

864 1394 160 73 iuſdẽ in E¬

872 1446 97 77 ſaiam.

726.0 1510.0 25.0 44.0 2

690 1509 17 55 l
