1200 1893
382 127 709 70 ANNOT. IOANNIS POMERANT

342.0 199.0 766.0 52.0 e uero & mulieres prophetare, ſi habent uerbum,

332.0 231.0 785.0 75.0 ubi uiri nõ ſunt qui uerbum habeant. I. ad Corin.11.

334.0 288.0 788.0 65.0 Mulier orãs aut prophetans, &c. Iohelis 2.legis, Et

335.0 334.0 787.0 70.0 prophetabunt filij ueſtri, & filiæ ueſtræ. Actorũ. 21.

335.0 387.0 780.0 71.0 Erant Philippo quatuor filiæ uirgines prophetantes.

334.0 433.0 505.0 86.0 Et Maria canit Magnificat, &c.

574 490 316 71 CAPVT III.

383 566 693 70 DE EPISCOPIS ET DIACONIS.

336 706 90 59 E

438 640 687 66 Piſcopos eſſe uerbi dei prædicatores ad hoc ele¬

442 681 682 69 ctos, & diaconos eſſe ſanctorum miniſtros, &

332.0 735.0 797.0 67.0 pauperũ prouiſores admonui in principio epiſtolæ ad

332.0 787.0 793.0 64.0 Philip. Hi eligebantur in ciuitate à populo, uel ab Epi¬

333.0 832.0 796.0 73.0 ſcopo: id eſt, apoſtolo aliquo, ſiue prædicatore, ꝗ illic

333.0 886.0 794.0 68.0 populũ docuerat: & manere ibi non potuit conſentiẽ

330.0 934.0 796.0 65.0 te tum & uolente populo. Eligebantur autem ex ciui¬

330.0 986.0 792.0 67.0 bus probatiſſimis, quibus erant uxor, filij, familia,

328.0 1034.0 798.0 68.0 domus cura, &. Sicut nunc conſules eliguntur: ut hic

329.0 1085.0 793.0 64.0 uides. Vnde epiſcopatus & diaconatus officia erant,

329.0 1134.0 796.0 70.0 non perpetuæ dignitates, ut nunc fabulantur de chara¬

330 1179 789 75 ctere indelebili. Compone ergo nũc noſtrorũ dignita¬

334.0 1231.0 787.0 73.0 tes illorũ officijs, et uidebis apoſtolicã inſtitutionen

337.0 1287.0 789.0 71.0 noſtros ignorare. Igitur apoſtolus dat, ſi qui ſint qui

337.0 1336.0 789.0 67.0 cupiunt præfici, quẽadmodũ hic deſcribit. Bonũ enim

338.0 1389.0 790.0 65.0 opus deſyderant, non ſuam gloriã aut cõmodũ: officia

337 1437 787 88 enim ſunt, non dignitates. Eadem penè uides ad Titũ

146.0 1312.0 181.0 64.0 epiſcopatus

148.0 1385.0 178.0 44.0 officiũ, nõ

148.0 1418.0 176.0 66.0 dignitas eſt
