1177 1883
89.0 141.0 651.0 59.0 IN EPI. PAVLI AD TIM. I.

773.0 111.0 61.0 80.0 85

72.0 209.0 771.0 53.0 Proſequitur qd’œperat de oratione. Vide hic quod

46.0 239.0 796.0 73.0 Paulus non requirat templum adorationi: ſed dicit, In

47.0 289.0 793.0 71.0 omni loco, id eſt, ubicun orauerint, &c. Ne hic ſtru¬

48.0 343.0 794.0 63.0 as rurſum Paulo calumniam, quod oporteat etiam in

48.0 394.0 794.0 60.0 aquis, in inuijs &c. orare: quia dicit in omni loco, &c.

52.0 441.0 792.0 66.0 Potuerã & hoc quo quod ſupra dixi, Vult omnes

52.0 489.0 795.0 69.0 homines ſaluos fieri: ſic interpretari, id eſt, quotquot

53.0 537.0 797.0 69.0 ſaluãtur, eius uolũtate ſaluantur, ſicut Ioannis I. Illu¬

50.0 587.0 800.0 71.0 minans omnẽ hominẽ &c. id eſt quotquot illuminan¬

58.0 636.0 790.0 70.0 tur, à deo illuminantur: ſicut & hic, Volo uiros orare

59.0 685.0 793.0 71.0 in omni loco:id eſt, ubicun orauerint. Si uidiſſem ad

64.0 739.0 770.0 67.0 contextũ orationis pertinere, ut uideas uel hoc loco,

62.0 783.0 789.0 76.0 qd’ſcriptura nihili facit ſophiſticas cauillationes. Qui

59.0 828.0 794.0 76.0 credit, credat. Argutijs enim illis, deiſpiritus nõ conci¬

61.0 877.0 788.0 80.0 pitur. Summa ergo (ut hoc rurſum ingerã) ſuperioris

61.0 929.0 790.0 70.0 loci ex cõtextu orationis petẽda eſt. Orate pro omni¬

65.0 980.0 786.0 71.0 um hominũ ſtatu ſiue cõditione. Nã deus nullũ ſtatum

66.0 1029.0 784.0 77.0 reijcit, & Chriſtus non ſolũ pro Iudæis, ſed etiam pro

69.0 1076.0 780.0 77.0 gentibus, cuiuſcun cõditionis exiſtant, mortuus eſt.

69.0 1130.0 782.0 73.0 Aduerte, qd’uiros uult orare cũ pietate, mulieres ue¬

70.0 1180.0 785.0 74.0 ro nõ ſolum cum pietate, ſed & cum ueſtitu & opere

69.0 1227.0 784.0 75.0 profitentes pietatem, ut etiam ipſo aſpectu uideãtur

71.0 1281.0 786.0 71.0 eſſe Chriſtianæ: & exemplumſint caſtitatis & uere¬

72.0 1330.0 784.0 70.0 cundiæ, ne auertant uirorum animos, ubi ad orationẽ

69.0 1381.0 788.0 66.0 publicam cõuenitur. Nam publicam etiam orationem

71.0 1426.0 783.0 93.0 tum habuiſſe Chriſtianos, ubi conueniebant, teſtatur

671.0 1511.0 17.0 76.0 l

723.0 1528.0 31.0 66.0 5
