1128 1876
167 225 59 62 1.

296 216 785 43 Etuos, cum mortui eratis delictis & pecca

248 248 833 63 tis, in quibus uixiſtis iuxta rationem uiuendi

248 298 831 66 mundi huius, ſecũdum inſtinctum principis

251 348 825 66 poteſtatis aeræ, ſpiritum, qui agit modo in¬

250 395 829 66 credulos, inter quos & nos omnes aliquan¬

244 445 835 64 do uerſabamur, indulgẽtes cupiditatibus na

244 494 835 64 turæ noſtræ, & perficientes quæ ferebat arbi

247 546 829 60 trium carnis noſtræ, & cogitationes, qui ni¬

242 590 833 67 mirum æque acalij, natura iræ Dei, obnoxij

244 649 179 52 eramus.

372 146 567 53 D. PAVLI AD EPHESIOS

148 698 52 64 2.

288 728 791 24 Deus autem diues misericordia, propter

241 741 838 59 multam dilectionem qua nos dilexit, etiam

241 786 835 63 mortuos delictis, conuiuificauit, una cũ Chri

238 835 842 63 ſto (beneuolentia gratuita ſeruati eſtis) & ſi¬

238 883 838 65 mul excitauit, at ſimul collocauit in cæleſti¬

237 932 837 59 bus, inſitos Chriſto Ieſu. Vt oſtẽderet ſæculis

238 982 834 59 futuris, excellentẽ beneuolentiæ illius opu¬

240 1028 800 66 lentiã, benignitate erga nos in Chriſto Ieſu.

140 1105 57 61 3.

282 1078 788 61 Beneuolentia gratuita ſeruati eſtis perfi¬

236 1138 833 52 dem, idq; non ex uobis, Dei donum eſt, non

235 1177 836 64 ex operibus ne quis glorietur. Ipſius enim ſu¬

235 1226 832 64 mus figmentum, conditi in Chriſto leſu, ad

234 1278 834 63 bona opera, quæ Deus præparauit, ut in eis

234 1327 254 57 uerſaremur.

140 1378 63 61 4.

285 1372 784 63 Memores igitur eſtote, quod olim natura

234 1440 832 45 Gentes eratis, præputio impuri uocati ab ijs,

231 1471 837 62 qui circuncifi, circunciſione manu facta dice¬

229 1520 837 76 bantur, quod, inquam, tum ſine Chriſto era¬

951 1569 115 73 tis, &
