1128 1876
243 210 827 47 nitentiam ac fidem, quæ eſt erga Dominum noſtrum IE¬

246 247 826 55 SVM Chriſtum, deniq; & moneret cum lachrymis unũ

246 299 821 59 quemq; die & nocte. Ad hæc ne ſua uideretur quærere,

244 348 827 57 cum ſuis, tum corum qui ſecum erant neceßitatibus, ſuæ

247 397 825 59 ipſius manus ſuppeditauerant. Dominus quoq; ſermo¬

247 449 827 54 nem cius cum miris uirtutibus confirmauerat, nam & ſu

244 495 830 60 darijs eius, & ſemicinctis, ſuper infirmos delatis, morbi

244 546 830 57 recedebant, maliq́; ſpiritus egrediebantur, tum incompa

243 593 828 63 rabili ſpiritus fortitudine reddiderat illuſtrem, ſupra mo

243 646 830 57 dum enim in hac urbe adflictus fuerat, & Domini tamen

247 696 585 59 conſolatione ſuperior ſemper euaſerat·

452 132 370 52 M. BVCERI

296 743 781 60 Cum itaq; eximie charos Epheſios haberet, ut apud

247 794 829 63 quos non uulgari ſucceſſu regnum Chriſti inſtituiſſet, pri

248 846 829 57 mum Timotheum præcipuum collegam remancre apud

248 891 818 65 eos, ut à ſe plantata rigaret, uoluit, deinde Hieroſolyma

250 947 827 57 petens, cum ſciret in eas regiones ſe non rediturum, euo¬

247 993 830 61 catos è Mileto Epheſiorum præſbyteros, perſancte mo¬

248 1042 831 62 nuit, ut ſibi, & cuncto gregi attenderent, ne quid incom¬

249 1091 830 64 modi à ſubingreſſuris lupis, quos graues futuros illis præ

252 1144 829 57 dicebat, Eccleſia eorum perciperet. Hinc postremo et ex

253 1191 830 62 uinculis, quibus Romæ detinebatur, hanc Epiſtolam ad

252 1241 830 62 eos ſcripſit, qua uelut in compendium, omni Chriſtia¬

253 1294 824 58 niſmi ratione contracta, eos in inſtituto confirmaret, atq;

254 1345 196 55 proueheret.

85 860 112 35 Quam

79 887 149 65 fuerit pro

78 934 138 68 Epheſijs

82 989 131 67 ſolicitus

303 1387 782 62 Proinde mira & luce & breuitate de ſingulis, quæ

256 1453 829 46 Chriſtianos ſcire refert, in ea monuit· Vt omnis mortaliū

257 1490 827 71 tam iustitia, quam ſalus à libera Dei prædeſtinatioue &

957 1541 127 56 electio¬
