1128 1876
308 125 709 54 IN EPISTOLAM AD EPHESIOS

248 186 829 56 Impelliautem mittiq́; ad prædicandum hanc, poſſunt etiã

249.0 225.0 826.0 65.0 qui non per omnia illi uita reſpondent, neque pure glori¬

248.0 274.0 827.0 62.0 am Dei, et nihil ſui quærunt. Christũ enim, licet ex mala

251 320 822 72 occaſione prædicabant, & humana commenta nequa¬

251 367 822 75 quam, quorum Paulus Philpp·2·meminit, id tamen ſe¬

251 418 823 68 rio Apoſtolus gaudebat, nequaquam gauiſurus ſihuma¬

251 472 823 67 na commenta prædicaſſent, quia alienorum uocem oues

251 517 825 73 audire nequaquam ſustinent, tam abeſt ut ad illam gaude

243.0 570.0 828.0 68.0 reut. Hypocritæ quoque illi, quibus Dominus Matth.7.

242.0 621.0 827.0 66.0 teſtimonium perhibet, quod in nomine ſuo prophetarunt,

243.0 670.0 828.0 68.0 utiq; id ex ſpiritu cius atq; uoluntate patris fecerunt. Hu¬

242.0 718.0 828.0 64.0 manum nanque ingenium nihil tale uel cõminiſci poteſt·

242.0 767.0 828.0 69.0 Mißi igitur diuinitus & hi fuerunt, & Christum ipſum

241.0 820.0 830.0 66.0 contempſit, quicũq; illorũ contempſit prophetiam· Vere

242.0 868.0 829.0 68.0 igitur & ſi plane impij ad prædicandum mißi fuerant, au

242.0 921.0 827.0 64.0 diendiq́; timentibus Deum erant, utcunque uita illorum

243.0 975.0 362.0 60.0 cum doctrina pugnaret·

86 365 140 74 Qui cur¬

82 429 144 55 rentes &

84 475 142 81 qui mißi¬

293.0 1018.0 787.0 66.0 Orandus igitur deus ut in meſſem ſuam extrudat, qui

241.0 1075.0 828.0 58.0 non tam uerbis quam uita doceant, & danda opera eſt, ut

242.0 1119.0 828.0 66.0 tales ad docendi munus deligantur. At nequaquam con¬

240.0 1167.0 829.0 66.0 temnenda interim est, & eorum prædicatio, qui uita ſunt

239.0 1217.0 829.0 59.0 inſinceriore, de Christo tamen uera testantur· Mißio ita

243.0 1266.0 826.0 70.0 que ad prædicandũ Chriſtũ, nihil ſane aliud fuerit, quam

241.0 1319.0 829.0 65.0 uoluntas prædicandi, quam nobis ille ſalutem parauit, con

251 1361 817 78 iunctam habens huius facultatem, quam utramque ſolus

240 1417 723 69 Deus ſuppeditat, de qua in Matthæum dixi plura·

379 1466 550 85 Sanctis qui ſunt Epheſi.

78 1294 148 75 Quid miſ

79.0 1355.0 69.0 56.0 ſio·

923 1524 141 83 Sanctum
