1177 1883
92.0 147.0 631.0 64.0 IN EPI. PAV. AD TIM. I.

765.0 112.0 63.0 87.0 86

205.0 233.0 493.0 49.0 Mulier in ſilentio, &c.

81.0 270.0 760.0 69.0 Id eſt, non loquatur, ubi docendi gratia conuenitur,

57.0 323.0 781.0 65.0 ubi audiendum eſt uerbum dei:nam uiris permittitur

57.0 371.0 787.0 70.0 Ioqui cum doctore, imò ſi fuerit aſſidenti reuelatum,

59.0 419.0 786.0 69.0 qui prius docebat, taceat, 1. Corin.14. Mulieres uero

60.0 466.0 787.0 68.0 in eccleſia taceant, ut dicitur ibidẽ: ne ſibi authorita¬

60.0 517.0 786.0 68.0 tem uendicent in uiros contra legẽ dei, quæ dicit: Sub

61.0 564.0 788.0 76.0 uiri poteſtate eris. Et præterea, Adam eſt creatione

66.0 613.0 787.0 72.0 prior. Item, Mulier eſt ruina uiri: ſalua tamen fiet per

66.0 660.0 785.0 78.0 liberorũ generationẽ. Quod opus haud dubie bonũ,

65.0 709.0 788.0 77.0 nemo hodie reſpicit, cũ tamen hic mulier habeat uer¬

65.0 751.0 789.0 85.0 bum Pauli, imò dei in Paulo, & in hoc obſequitur deo,

72.0 805.0 780.0 80.0 qui dicit: In labore paries, &c. Imò hic in dei opere

72.0 850.0 783.0 88.0 eſt, qui dicit: Multiplicabo conceptus tuos, & æru¬

74.0 898.0 780.0 87.0 mnas tuas, &c. Et additur: Si mãſerint, &c. Sic enim

73.0 949.0 782.0 84.0 eſt in Græco uerbum plurale, quod in ueteri transla¬

73.0 992.0 782.0 90.0 tiõe nõ inepte legitur in ſingulari, uitato Hebraiſmo.

75.0 1045.0 782.0 87.0 Hebraiſmus enim eſt, ſi manſerint ſcilicet mulieres. de

79.0 1103.0 780.0 79.0 quibus ſupra dixit. Conſimiliter & mulieres, &c.

77.0 1144.0 785.0 84.0 Hebræos ſubitò mutare numerum, & perſonas, ex

78.0 1197.0 787.0 84.0 prophetis notum eſt. Nam qui intelligunt, ſi perman¬

79.0 1241.0 789.0 89.0 ſerint, ſcilicet filij, nõ uidẽt quàm ineptũ hoc ſit, quaſi

82.0 1302.0 781.0 76.0 mulier nõ poſſit ſalua fieri, niſi & filij ſaluẽtur. Igitur

80.0 1347.0 788.0 80.0 ſi permanſerint, inquit, mulieres in fide, & dilectione

82.0 1392.0 788.0 85.0 & ſanctificatione, qua quotidie ſanctiores fiũt, id eſt

81.0 1439.0 794.0 87.0 treſcũt fide et dilectione, adiũcta caſtitate, id eſt morũ

83.0 1495.0 786.0 89.0 integritate, quæ etiã deceat corã hominibus. Aduer¬
