1200 1893
345.0 137.0 720.0 69.0 ANNOT. IOANNIS POMERANI

314.0 205.0 783.0 67.0 tum per pietatem ad deum, & honeſtatem ad proxi¬

309.0 249.0 787.0 71.0 mum liceat. Ne intelligas propter carnis pacẽ, quod

308.0 300.0 796.0 71.0 ad homines attinet, cedendum eſſe pietati & fidei, ſi¬

309.0 348.0 794.0 78.0 ue conſcientiæ. Déinde, quod hoc quo acceptum eſt

314.0 396.0 789.0 79.0 deo, ut pro omnibus oremus ſine acceptione perſona¬

314.0 443.0 786.0 79.0 rũ, ſiue ſint iudæi ſiue gẽtes, ſiue ſerui ſiue |principes.

319.0 497.0 785.0 74.0 Quia ſicut ipſe ſolus deus eſt, & omniũ ſine acceptio¬

316.0 545.0 794.0 72.0 ne dominus: ita oẽs homines uult ad agnitionẽ ſui per¬

319.0 597.0 783.0 71.0 uenire. Quapropter nos neminẽ excipere debemus,

319.0 647.0 791.0 67.0 ne reges quidẽ impios, cum ipſe neminẽ excipiat. Sic

318.0 694.0 787.0 70.0 pratur ꝓ Nabuchodonoſore, & Balthaſaro, Baruch.

319.0 745.0 786.0 67.0 1.Itẽ, quia unus eſt mediator inter deũ & hominem,

320.0 799.0 792.0 64.0 qui ſe dedit redemptorem pro omnibus. Ergo rurſum

325.0 845.0 786.0 73.0 nos neminem excludere debemus, cum oramus pro ſa¬

322.0 896.0 784.0 66.0 lute hominum, &c. ſcientes hoc ipſum & deo patri,

324.0 945.0 776.0 70.0 & Chriſto, quem pater dedit mediatorem, placere.

554.0 1001.0 369.0 66.0 Deprecationes.

359.0 1066.0 757.0 63.0 Sic diſtinguũt, ut deprecari ſit orare, ut malũ aufe¬

328.0 1110.0 792.0 69.0 ratur, obſecrare ut bonũ ueniat, interpellari, conque¬

329.0 1163.0 788.0 68.0 ri de his quæ nos lædunt: gratias agere de beneficijs

330.0 1211.0 790.0 73.0 acceptis: id quod ferè rationes uocabulorũ poſtulãt.

481.0 1257.0 535.0 72.0 Omnes uult ſaluos fieri.

364.0 1337.0 761.0 63.0 Cũctos homines uult ſaluos fieri, ſiue ſeruari, & ad

335.0 1379.0 792.0 65.0 agnitionẽ ueritatis peruenire: ergo iuſſi ſunt apoſto¬

339.0 1431.0 789.0 61.0 li prædicare Euangelium omni creaturæ: Sed multi

338.0 1477.0 791.0 82.0 ſunt uocati, pauci uero electi Quomodo autẽ hoc con¬
