1128 1876
53 389 799 155 IN EPISTO¬

155 542 600 60 LAM D. PAVLI AD EPHE·

313 636 295 36 ſios Argumentum·

76 1034 344 108 P

470 757 404 39 pheſi, quæ Aſiæ minoris

467 786 407 58 metropolis fuit, & Dianæ

467 833 409 62 multimammiæ ſtudioſißima

467 884 408 59 cultrix, triennio Paulus

469 936 408 61 Christum prædicauerat, et

467 988 408 56 non contemnendum popu¬

466 1030 407 64 lum cũ ex urbe, tũ tota Aſia

471 1085 400 58 fuerat lucratus. Ita ut qui¬

36 1129 833 66 dam qui curioſas artes ſectati fuerant, recepto Euange¬

34 1174 834 71 lio, comportatos libros ſuos, coram omnibus ad teſtãdam

34 1223 832 69 reſipiſcentiam exuſſerint, quorum precia tamẽ fuere ar

34 1278 833 68 genti myriades quinq; , quæ ſumma ſupputatore Budæo

32 1319 844 75 quinq; milia Coronatorum ualet· Indicibili ſiquidem stu

31 1369 845 77 dio, atq; cõſtantia, in hoc incubuerat, ut annunciaret quæ

28 1417 848 80 in rem illorum eſſent, & omne Dei conſilium ipſis ape¬

28 1472 848 91 riret, doceretq́; & publice & per ſingulas domos pœ¬

893 1327 144 69 Quæ Pau

887 1381 137 63 lus apud

883 1428 146 68 Epheſum

883 1478 133 90 effeceris

700 1537 159 61 nitentiam
