1128 1876
282.0 133.0 386.0 56.0 EPISTOLA.

56.0 202.0 834.0 57.0 crem facere incœpiſti·Cui ſiquidem principum rectius ſa

56.0 243.0 833.0 63.0 crorum cõmentarij inſcribantur, quam ei qui ſacrorum

57.0 291.0 831.0 68.0 ſcientiam ſuo locohabet, digneq́; colit? Inter quos admo¬

57.0 343.0 830.0 64.0 dum paucos tua celſitudo præclare fulget, quæ cum ſyn

57.0 392.0 829.0 62.0 ceriore pietatis doctrina, & linguarũ studia, ſine quibus

58.0 443.0 829.0 61.0 nulla ſolida eruditio constat, ſuis coniungi curat. Neq; pa

60.0 496.0 827.0 60.0 rum uero huc audaciæ me prouocauit, quod ſciam, te cam

62.0 542.0 825.0 65.0 Chriſti cognitionem nactum, quam hæc Pauli Epistola,

61.0 593.0 824.0 57.0 ut & reliquæ omnes, tradit, cui nihiladhæreat adhuc,

62.0 643.0 829.0 62.0 fermenti cõmentorum rationis humanæ, quæ dixerit uale

61.0 692.0 831.0 61.0 mundi elementis, confiteatur plantantẽ ct rigantem nihil

64.0 743.0 828.0 63.0 eſſe, ne quid noſtris operibus arrogemus, ſacrũ tamen

62.0 791.0 830.0 65.0 habeat externum quo Euangelij, exhortationisq́; in

64.0 842.0 827.0 61.0 Domino, uſum, et ſi uehiculum ſpiritus inde nullũ faciat,

63.0 890.0 832.0 65.0 de quare Caſpar Schuenftfeldius tuus, pro eximia ſua re

64.0 944.0 829.0 59.0 uelatione, præclare ſcripſit, neq; ſacramenta contemnat,

68.0 995.0 827.0 60.0 ſed ſuoloco, ꝓ ſymbolis ſcilicet externæ cõmunionis inter

67.0 1043.0 689.0 61.0 Chriſtianos & instituendæ & alendæ, habeat.

115.0 1090.0 784.0 64.0 Hãc nostramitaq; qualemcunq operam celſitudo tua

68.0 1145.0 831.0 60.0 ſibi incupatam, eo animo excipiat, quo quemlibet ad pro

66.0 1189.0 831.0 64.0 mouendã Christi gloriam in quouis conatũ ſolet, hoc est,

66.0 1238.0 834.0 65.0 iucundo & fauenti, quodq́; cœpit, post doctrinam Chri¬

68.0 1292.0 830.0 62.0 ſti ſynceram, & nullis humanis figmentis fermentatam,

69.0 1342.0 837.0 62.0 pergat curare, ut linguas & aliæ frugi artes, iuuentus

71.0 1391.0 835.0 59.0 eius doceatur, neq; audiat non tam regilioſos ut uideri uo

69.0 1442.0 837.0 60.0 lunt, quam fastidioſos quoſdam, qui hæc ſancta Dei dona

68.0 1490.0 838.0 61.0 contemnũt, à ſpiritu uolẽtes omnia diſcere, cum quo haud

71.0 1539.0 835.0 71.0 perinde magnam familiaritatem habent, qui profecto di¬

749.0 1588.0 154.0 75.0 gnieſſent,

906.0 442.0 147.0 59.0 Pura prin

906.0 495.0 147.0 58.0 cipis huius

906.0 542.0 104.0 60.0 rtligio¬

919.0 1341.0 151.0 53.0 In contem

919.0 1390.0 146.0 55.0 ptores bo

919.0 1442.0 152.0 53.0 narum ar

919.0 1489.0 126.0 55.0 tium &

919.0 1538.0 143.0 64.0 linguarũ.
