1128 1876
109 147 698 56 M. BVCERI COMMENTARIVS·

107 223 781 49 Sanctum ſcriptura uocat, quod est Deo conſecratum,

59 260 829 62 eoq́; auguſtius iam & diuinæ quodammodo reuerentiæ

61 311 825 62 particeps· Sic populus Iſrael, præcipue ſacerdotes, tem¬

61 357 830 63 plum et inſtrumentum eius, ſanctitatis nomine paßim in

61 405 831 66 ſcripturis celebrantur· Iam qui Chriſto uera fide nomen

60 454 834 66 dederunt, filij dei ſunt, ac ita gloriæ dei conſecrati atq; de

62 505 832 64 diti, ut ad cam ſint penitus demum reformandi, futuri con

62 553 830 68 formes imagini filij Dei, plane iusti & beati· Vel ſoli igi¬

61 603 832 67 tur hi ſunt, qui ſanctitatis nomine uere inſigniuntur, quip

63 653 832 67 pe cum nihil poſſit uel cogitari augustius & diuinius, quã

63 701 832 63 eſſe filium Dei & cohæredem Christi, cuius potestas fit

65 753 831 62 omnibus qui in nomine Chriſti credunt Ioan·1· Vnde hic

62 802 833 67 mox Paul· ſubijcit και' πισοῖς ἐν χριςσῷ, quod reddidi,

63 854 833 60 nempe fidem habentibus &c. Nam omnino hæc interpre

61 902 832 64 tatio eſt eius, quod præmiſit. Sanctis, eo quod ſancti, id eſt,

62 950 831 67 Deo dediti, eoq́; uere auguſti & diuini, non ſint niſi qui

67 1000 655 67 per fidem in ſortem ſiliorum Dei ad ſciti ſunt.

111 1056 774 55 Hoc autẽ ωι σοῖσέμ χριοῷ, uerti, fidem habentibus

64 1097 821 64 Christo· Nam quod ſcriptura ſuo idiotiſmo dicit credere

63.0 1150.0 830.0 65.0 in aliquo uel aliquem, nos dicimus credere alicui, fidemq́

61.0 1201.0 837.0 64.0 habere· In 2· nãq Moſch· cap·14·legimus, & uidit Iſrael

61.0 1254.0 833.0 58.0 manum Domini magnã, quã contra Aegyptios exercuit,

64.0 1304.0 827.0 58.0 & timuit populus dominũ, & crediderunt in dominum,

64 1349 830 56 & in Moſcheh ſeruum eius, quid hoc crediderunt & in

64 1396 830 67 Moſcheh ſeruũ eius fuit aliud, quã uerbis Moſcheh habu

64.0 1452.0 837.0 58.0 erunt fidem? Item in eodem libro cap·19·dixit dominus

65.0 1499.0 840.0 71.0 ad Moſcheh: Ecce egouenio ad te in caligine nubis, quo

578 1549 138 92 c 3

792.0 1553.0 118.0 70.0 audiat

829.0 140.0 54.0 51.0 19

899 289 103 58 Sancti.

908 1036 140 66 Fideles in

907 1095 130 57 Christo.

908 1344 157 67 Credere

907 1399 158 81 in domino.
