1128 1876
261.0 105.0 377.0 54.0 EPISTOLA.

88.0 182.0 785.0 53.0 Equidẽ igitur ut huc fratribus ſcripturarũ rudiorib·

44.0 224.0 834.0 59.0 adiutor eſſem, quibus et V. Fab·Capito paratis nuper in

43.0 275.0 835.0 59.0 Hoſeam haudquaquam uulgaribus cõmentarijs, & M¬

47.0 323.0 829.0 59.0 Cellarius opere, de Operibus Dei in quo diuina bonitas

40.0 367.0 829.0 67.0 magnifice prædicatur, plurimũ conſuluerunt, Epiſtolam

45.0 418.0 824.0 58.0 illus ad Epheſios, hiſce diebus enarrandam mihi deſum- ad Epheſ¬

42.0 467.0 827.0 59.0 pſi* Viſumenim mihi est, doctrinam Chriſti, breui-iotius ſcri

42.0 515.0 827.0 71.0 ter iuxta & luculenter, atq; copioſe adeo cõplexa eſſe, ut pturæ cõ¬

42.0 565.0 829.0 68.0 his nominibus, nullã aliã ei præferendã exiſtimẽ, totiusq́; pendium.

50.0 624.0 752.0 57.0 ſacræ ſcientiæ, cõpendium recte habendũ cenſeam.

86.0 669.0 780.0 64.0 Docet quidem fuſius etſcripturis cõmunitius, ea quæ

42.0 720.0 824.0 63.0 Romams ſcripta extat, omnem carnem peccato obnoxiã,

42.0 767.0 824.0 67.0 à lege non eſſe niſi peccati cognitionẽ, non iuſtitiam, à gra

42.0 816.0 824.0 61.0 tia Dei, & merito Chriſti hanc prouenire, omnia ab ele¬

44.0 874.0 829.0 55.0 ctione libera Dei pendere, abnegatione noſtri, et dilcctio

44.0 923.0 825.0 58.0 ne proximi Deo gratificandum, magiſtratui parendum,

44.0 972.0 828.0 57.0 offendicula fratrũ cauenda, eandem eſſe Gentium & Iu¬

44.0 1020.0 826.0 60.0 dæorum redemptionem, ſedhæc nostra, de his omnibus,

45.0 1072.0 830.0 55.0 & breuius, & ut uidetur luce maiore dißerit, tum maie¬

44.0 1121.0 829.0 56.0 statem Chriſti Paulo magnificentius prædicat, & de ui¬

44.0 1170.0 830.0 65.0 tæ Christianæ officijs diſputat distinctius, & admodum

45.0 1220.0 165.0 57.0 locuplete.

92.0 1271.0 781.0 57.0 Hanc ergo quam uel ſolam, ſi recte intelligatur, ſatis

47.0 1330.0 826.0 48.0 eſſe puto, & ad gratiam Christi cõmendandam, & uitã

43.0 1377.0 823.0 55.0 quam pientißime instituendam, tum errores quoſq; con- Præstite¬

42.0 1424.0 824.0 59.0 uincendos, uerti primum, paulo liberius, ne idiotiſmi par rat ſacra li£

42.0 1472.0 824.0 58.0 tim Ebræi, partim peculiariter Paulini, rudioribus ne- berius uer

42.0 1516.0 824.0 80.0 bulam aliquam offunderent. Optarim enimut dum extat tere¬

555.0 1578.0 96.0 55.0 A 5

739.0 1575.0 128.0 67.0 utrunq;

888.0 343.0 128.0 74.0 Epiſtola

890.0 406.0 148.0 70.0 ad Epheſ

888.0 458.0 157.0 64.0 totius ſcri

888.0 517.0 155.0 53.0 pturæ cõ¬

888.0 562.0 147.0 63.0 pendium·

888.0 661.0 150.0 56.0 Quæ Epi

888.0 709.0 139.0 61.0 ſtola ad

890.0 764.0 155.0 63.0 Rom- con

888.0 819.0 103.0 61.0 tincat.

891.0 1353.0 147.0 75.0 Præstite¬

891.0 1416.0 152.0 67.0 rat ſacrali

890.0 1471.0 153.0 84.0 breius uer

891.0 1527.0 69.0 64.0 tere·
