1200 1893
388.0 148.0 706.0 66.0 ANNOT. IOANNIS POMERANI

348.0 211.0 780.0 74.0 præterea, quæ de doctrina Chriſtiana interſerit:ut ſu¬

353.0 257.0 261.0 60.0 pra dictum eſt.

438.0 310.0 604.0 55.0 LOCI INSIGNIORES SVNT.

377.0 365.0 747.0 70.0 Primus, quæ ſit doctrina Chriſtiana, & quæ pro¬

353.0 401.0 775.0 72.0 phana, locus maxime neceſſarius, ne fiducia operum

348.0 446.0 782.0 82.0 legis, iuſtificatorem deum negemus, aut inani diſputa¬

350.0 501.0 774.0 70.0 tione & pugna uerborum, & inutilibus quæſtionibus.

350.0 544.0 785.0 96.0 fidẽ ſimul lædamus et charitatem, cap.1.4.& 6. Se¬

347.0 596.0 774.0 72.0 cundus, quod lex iuſto non eſt poſita, ſed iniuſtis, cap.

350.0 647.0 779.0 72.0 I.id quod ad Gal.5. ſic legis: Si ſpiritu ducimini, non

343.0 700.0 784.0 70.0 eſtis ſub lege: manifeſta ſunt autem opera, &c. Terti

343.0 748.0 791.0 73.0 us, quod blaſpemia & contumelia & perſecutio con¬

341.0 799.0 787.0 74.0 tra Euangeliũ Chriſti, nõ noceant auctoribus ſuis, qui

341.0 848.0 785.0 72.0 trrantes per hoc putant ſe obſequium præſtare deo

342.0 899.0 786.0 71.0 modo poſtea cognita ueritate reſipiſcant, ut Pau. Alij

340.0 951.0 792.0 68.0 uero qui ſcientes contra ueritatem pugnant, & blaſ¬

341.0 998.0 787.0 73.0 phemant, peccant irremiſſibiliter inſpiritum ſanctũ,

341.0 1044.0 792.0 88.0 ut eſt in euangelio. Verũ hic non eſt nobis præcipitan¬

339.0 1093.0 788.0 88.0 da ſententia. Hic locus hodie ſcitu neceſſarius eſt. cap.

339.0 1146.0 789.0 86.0 1. Quartus, quod pro omnibus eſt orandum. item

341.0 1199.0 785.0 78.0 pro regibus & prælatis, ut ſub eis nobis quiete uiue¬

341.0 1251.0 786.0 69.0 re liceat. Deus enim nullũ ſtatum reijcit: ſed ut ex iu¬

341.0 1298.0 784.0 74.0 fimis, ita & ex ſublimibus quoſdam ad ſui agnitionẽ

340.0 1352.0 786.0 69.0 perducit, cap.2. Quintus, habitus mulierũ, & ut ſint

336.0 1401.0 789.0 73.0 in omnibus uiris ſubiectæ, cap.2. Sextus, officium &

336.0 1452.0 783.0 86.0 ſhectata conuerſatio Epiſcoporum & Diaconorum,
