1177 1883
703.0 133.0 65.0 88.0 79

32.0 166.0 649.0 63.0 IN EPI. PAVLI AD TIM. I.

13.0 242.0 781.0 49.0 & eorum uxorù, liberorum & familiæ, cap.3. Septi¬

12.0 278.0 786.0 63.0 mus, doctrina dæmoniorum. Satis hodie notus locus,

13.0 328.0 785.0 64.0 cap.4. Octauus, pietatẽ ad omnia ualere, parũ uero

15.0 380.0 784.0 61.0 torporis exercitationem, locus magis neceſſarius,

20.0 429.0 783.0 61.0 quàm uideatur, cap, 4. Nonus, de uiduis, cap, 5. Deci¬

17.0 474.0 783.0 67.0 mus, quod neceſſaria uitæ debẽtur doctoribus ab ipſis

17.0 524.0 786.0 66.0 auditoribus, cap. 6.Vndecimus, de accuſatione & iu¬

19.0 570.0 788.0 70.0 dicio in peccantes, cap.5. Duodecimus, quod ne ſer¬

20.0 622.0 787.0 67.0 ui, ne diuites alieni ſunt à regno cœlorum, etiam in

21.0 666.0 785.0 75.0 ipſa ſeruitute, & in ipſis diuitijs, modò ſequantur quæ

23.0 718.0 785.0 71.0 Paulus monet, cap.6. Præterea qua comitate agendũ

23.0 767.0 666.0 77.0 lit cum omnibus, principium cap. 5. oſtendit.

287.0 833.0 246.0 62.0 CAPVT I.

82.0 888.0 676.0 85.0 Paulus apoſtolus Ieſu Chriſti.

45.0 1016.0 75.0 69.0 H

133.0 958.0 672.0 74.0 Ac inſcriptione ſuum uerbum commendat Ti¬

131.0 994.0 678.0 82.0 motheo, & omnibus lecturis epiſtolã, ut certi¬

34.0 1050.0 776.0 77.0 ſimus hoc eſſe uerbũ dei, nõ hominis: quandoquidẽ do¬

34.0 1099.0 777.0 77.0 ctrinas et mandata hominum reijcit deus in Eſaia, &

39.0 1148.0 778.0 79.0 Chriſtus in euang. & lex nõ patitur aliquid addi uera¬

36.0 1198.0 781.0 75.0 bo dei. Dicit ergo ſe apoſtolũ eſſe Chriſti, & ſibi com¬

40.0 1250.0 773.0 79.0 miſſum eſſe apoſtolatum, id eſt officiũ euangelij præ¬

36.0 1297.0 783.0 77.0 dicandi à deo. quaſi diceret, non uenio mea referre, ſed

39.0 1360.0 451.0 64.0 quæ mihi commiſſa ſunt à deo.

41.0 1400.0 780.0 73.0 Deũ ſaluatorẽ uocat, quia ipſe per Chriſtũ ſeruat,

39.0 1482.0 786.0 46.0 ſiue ſaluat nos: & ficut dicitur de Ephe.1.fecit nos di¬
