1200 1896
85 148 634 76 IN EPI. PAV. AD TIM, I.

762 139 71 66 80

48.0 220.0 791.0 65.0 imò & te dominumi, & regem in ipſo, qui potens ſis

49.0 263.0 641.0 67.0 lupra peccatũ, mortem, & infernum &c.

244 348 402 37 Ne diuerſam, &c.

74.0 372.0 767.0 70.0 Vel ne aliam ſequantur doctrinam, ut uetus habet

48.0 428.0 794.0 63.0 translatio. Ne aliter doceret, prædicationi euangeli¬

60.0 476.0 780.0 65.0 cæ ſiue fidei nihil uult addi, quantacũ ſpecie pieta¬

51.0 526.0 788.0 64.0 tis: id quod tũ quo nitebantur pſeudapoſtoli. Vnde

57.0 576.0 783.0 63.0 uit ad Gal. 1. Etiã ſi angelus è cœlis &c. Nimirũ præ¬

55.0 623.0 780.0 64.0 ſentiebat fidem Chriſti, doctrinis humanis abolendã,

56.0 674.0 782.0 65.0 ut factum cernimus. Idcirco ſumme notandum, quod

49 718 782 73 hic dicit, ædificationem dei eſſe perfidem, ſentiens re¬

58.0 771.0 774.0 69.0 liqua omnia, quæ docentur, eſſe deſtructionem. Aedi¬

53 813 780 79 ficatio eſt doctrina ſalutis: deſtructio, impia doctrina,

57.0 863.0 777.0 79.0 & ſalutis uaſtatio, ut ſæpe uides in Paulo. Hanc fidei

52 916 781 74 ædificationem duo hominum genera impediunt, uel

56.0 965.0 778.0 74.0 etiam deſtruunt ædificata. Nam alij docent fidere in

63.0 1018.0 769.0 73.0 operibus legis: quia lex à deo data, non poteſt nõ eſſe

61.0 1068.0 772.0 76.0 bona & neceſſaria. Quibus reſpondet, quod uſum le¬

54.0 1117.0 778.0 73.0 gis bonæ ignorent. Fidem oportet doceri, ſine qua le¬

61.0 1167.0 771.0 74.0 gis opera, quemadmodũ lex exigit, fieri nõ poſſunt.

63.0 1218.0 767.0 71.0 eides enim ſpiritum impetrat, legis impletorem: ubi

53.0 1273.0 776.0 65.0 uero habueris fidem, iam nulla lege teneris, ut nemi¬

42 1309 789 79 ni quicquam debeas, niſi ut proximum diligas, ad

52 1366 771 71 Rhoma. 12. Et hoc præſtabis, non ſolum quia debes,

52 1415 771 71 quia lex iubet: ſed & quia uis, nimirum ſic trahente

46.0 1468.0 854.0 68.0 ſpiritu uoluntatem tuam. Hoc eſt quod hic dicit, lex ſint.

49 1516 779 81 iuſto non eſt poſita, ſed iniuſtis, qui uel puniuntur, uel

845 1374 149 59 An ſontes

845 1420 149 68 plectendi
