1177 1883
64.0 263.0 731.0 53.0 ❧ IN PRIO¬

117.0 303.0 634.0 62.0 REM AD TIMOTHEVM EPI¬

147.0 354.0 580.0 64.0 ſtolam Annotationes Ioannis Bugen¬

308.0 407.0 265.0 57.0 hagij Pomerani.

255.0 451.0 357.0 49.0 ARGVMENTVM.

81.0 688.0 203.0 79.0 T

318.0 497.0 515.0 60.0 IMOTHEVM APOSTO¬

306.0 543.0 532.0 64.0 lum, id eſt, epiſcopum ſiue prædica¬

305.0 596.0 531.0 59.0 torem, à ſe ad hoc ordinatum Paulus

302.0 643.0 540.0 65.0 inſtruit quid doceat, nempe fidẽ tan¬

314.0 691.0 526.0 65.0 tum & charitatem, reiectis fabulis

61.0 741.0 783.0 67.0 & inutilibus quæ ſtionibus, & pugnis uerborũ, & di¬

56.0 788.0 788.0 70.0 Jputationibus inanibus pro ambitione & auaricia ina

62.0 834.0 777.0 76.0 ſtitutis, quæ peſtes ſunt ſynceræ in Chriſtum fidei, &

64.0 889.0 780.0 65.0 in proximum charitatis: néue admittat doctrinas dæ

65.0 932.0 782.0 74.0 moniorum in hypocriſi loquentium mendaciũ, quas in

68.0 982.0 777.0 76.0 nouiſſimis tẽporibus regnaturos prædicit. Hæc ſpar¬

68.0 1033.0 775.0 71.0 Iim in epiſtola, cap.2. de oratione cõmuni inſtruit, &

71.0 1082.0 780.0 68.0 quid mulieres deceat erga uiros. In tertio, Epiſcopos,

72.0 1129.0 781.0 74.0 & Diaconos Chriſtianos depingit cũ corum uxori¬

72.0 1177.0 784.0 77.0 bus, familia & liberis. In quinto modum monendiſmn¬

73.0 1229.0 783.0 72.0 gulos præſcribit, & uere uiduis prouideri uult ab

74.0 1281.0 784.0 72.0 eccleſia. Docet quoque Epiſcopos, qui laborent in¬

76.0 1330.0 785.0 70.0 uerbo & doctrina, eſſe dignos, quibus uictu & ami¬

78.0 1379.0 786.0 68.0 ctu prouideatur, & de iudicio epiſcopi in peccantes

78.0 1426.0 785.0 85.0 lubdit. In ſexto docet, ꝗd ſerui, qd diuites monẽdi ſint?

759.0 149.0 61.0 44.0 78
