1128 1876
243 115 392 58 EPISTOLA.

31 193 843 58 corporis. Vt ergo Eccleſia ſubdita Chriſto

31.0 227.0 758.0 71.0 eſt, ita uxores proprijs uiris in omnibus.

54 286 818 61 Viri diligite uxores ueſtras, quemadmo¬

32.0 319.0 846.0 71.0 dum Chriſtus dilexit Eccleſiam, & tradidit

31.0 371.0 847.0 72.0 ſemetipſum pro ea, ut illam ſanctificaret, pur

37.0 424.0 841.0 70.0 gatam lauacro aquæ per uerbum, ut exhibeat

32.0 469.0 841.0 71.0 ſibijpſi glorioſam Eccleſiam, non habentem

36.0 517.0 845.0 71.0 maculam aut rugam, aut quid huiuſmodis

36.0 564.0 845.0 72.0 ſed ut ſancta ſit, & inculpata. Sic debent dili¬

37.0 616.0 848.0 74.0 gere uiri uxores ſuas, ut ſua ipſorum corpo¬

39.0 663.0 844.0 70.0 ra. Diligens uxorem ſuam, ſe ipſum diligit.

40.0 716.0 844.0 67.0 Nemo enim unquam carnem ſuam odio ha

37.0 762.0 843.0 71.0 buit, ſed nutrit & fouet eam, ſicut Dominus

37.0 822.0 223.0 60.0 Eccleſiam.

81.0 860.0 800.0 70.0 Quoniam membra ſumus corporis eius,

38.0 911.0 847.0 65.0 ex carne eius & oſſibus eius, pro quo relin¬

39.0 959.0 848.0 69.0 quet homo patrem & matrem & adhærebit

41.0 1007.0 847.0 71.0 uxori ſuę, erunt; duo, ut uiuant unum homi

41.0 1062.0 848.0 63.0 nem. Hoc arcanum magnum eſt, ego autem

42.0 1106.0 847.0 67.0 dicoquoad CHRISTVM, & Eccleſiam.

44.0 1154.0 843.0 68.0 Veruntamen & uos ſingillatim, ſuam quiſ

42.0 1203.0 842.0 75.0 uxorem diligat perinde atque ſeipſum, & u¬

41.0 1257.0 617.0 67.0 xor uolout reuereatur maritum.

297 1349 347 67 CAPVT VI.

101.0 1449.0 788.0 75.0 Filij morigeri eſtote parentibus ueſtris, ut

710.0 1501.0 177.0 76.0 dignum

843.0 103.0 12.0 57.0 2

929 303 64 51 10·

945 877 44 51 11·
