1128 1876
487.0 101.0 349.0 54.0 M. BVCERI

237.0 194.0 834.0 39.0 Atrun inſtiumentum ſua lingua, & gralla Deo, multi

244.0 217.0 822.0 69.0 ſunt hodie, qui eas linguas calleant, ut ad fontes ſemper

244.0 268.0 826.0 68.0 redire liceat, ſi quid interpretes, parũ aſſequerentur, ea

245.0 318.0 825.0 66.0 libertas in uertendis ſacris adhiberetur, quam ſibi fidi in

244.0 370.0 824.0 59.0 terpretes permittunt in prophanis. Qui enim dices in lin

244.0 418.0 826.0 63.0 guam aliquamuerſum, quod in ea non dum propter alte¬

245.0 470.0 823.0 59.0 rius linguæ ex qua uerſum eſt idiotiſmos, poteſt intelligis?

241.0 523.0 832.0 54.0 Scio religionem hanc interpretum, maieſtati ſcriptura¬

242.0 572.0 833.0 56.0 rum tributam, ſed ut dixi autogropha ſpiritus extant, ad

244.0 620.0 827.0 59.0 quæ ſemper potest corrigi, ſicubi interpretes dormitent,

244.0 671.0 829.0 56.0 quarc mihi præstare uidetur, dum uerſionibus ijs con¬

247.0 720.0 829.0 59.0 ſuli debet, qui ſacras linguas Ebræam & Græcam igno¬

244.0 770.0 832.0 59.0 rant, neq; ſacrorũ ſcriptorũ ſchematis aßueti ſunt, ut quã

244.0 819.0 829.0 59.0 familiarißime & planißime etiam ſacra tranfferrentur.

243.0 870.0 830.0 59.0 Id igitur pro mea tenuitate in hac Epistola dedi operam,

246.0 920.0 830.0 58.0 quid aſſecutus ſim alij iudicent. Si cui uidear alicubi ma¬

247.0 969.0 832.0 59.0 gis paraphraſten egiße quam interpretem, is ſi libet ita

247.0 1019.0 833.0 59.0 quoq; me nominet, uideor mihi tamẽ nihil à mente Pauli

244.0 1069.0 835.0 57.0 alienum aſſuiße. Adieci deinde & commentariũ, quo

247.0 1117.0 833.0 61.0 ſingula Epiſtolæ huius pro uirili explicare ijs, qui in Pau

244.0 1164.0 826.0 67.0 Linis literis nondum exerciti ſunt, & quidem omnia ſim¬

251.0 1213.0 814.0 68.0 pliſime ſum anniſus, ut ſucceſſerit fratrũ eſto iuditium·

300.0 1269.0 780.0 56.0 Quicquid hoc operis est, tibi clarißime princeps dedi

247.0 1330.0 833.0 47.0 care decreui, qui tanta ſedulitate, regnum Chriſti, ſynce¬

247.0 1367.0 834.0 63.0 rãq; ueritatis cognitionem plantare apud tuos ſtudes, con

251.0 1421.0 825.0 59.0 uocatis undiq; uiris pie doctis, comptempto & nequaquam

249.0 1471.0 834.0 56.0 uulgari in quod tuam dignitatem & opes adducis pericu

250.0 1517.0 833.0 75.0 lo, & ſumptu, quem huius cauſſa haudquaquam medio¬

948.0 1567.0 140.0 63.0 cremfa¬

83.0 264.0 139.0 49.0 Quare li¬

73.0 301.0 150.0 55.0 berius uer

77.0 349.0 146.0 73.0 ſa ſit Epi¬

76.0 397.0 84.0 85.0 ſtola¬

77.0 1201.0 142.0 67.0 Inſtitutũ

77.0 1260.0 144.0 58.0 imitabile

77.0 1312.0 144.0 59.0 principis

77.0 1366.0 144.0 59.0 Schleſio¬

80.0 1419.0 90.0 66.0 rum·
